1972 3164
440 177 462 215 P.
475 176 594 217 VERGILI
607 176 734 216 MARONIS

249 272 286 320 Ut
294 270 393 319 tandem
403 273 460 318 ante
470 271 550 319 oculos
559 271 636 319 evasit
646 272 671 319 st
680 287 724 319 ora
733 275 871 332 parentum,

249 340 353 388 concidit
362 355 391 388 ac
400 339 478 387 multo
487 340 564 388 vitam
574 356 629 388 cum
639 341 756 397 sangnine
764 342 838 390 fudit.

250 409 298 457 Hic
320 409 440 466 Priamus,
465 425 609 465 quamquam
630 409 656 455 in
676 411 756 457 media
777 411 825 458 iam
845 414 923 460 morte

305 480 412 536 tenetur,

249 563 298 595 non
307 549 390 594 tamen
399 545 525 602 abstinuit,
536 561 581 594 nec
590 547 643 594 voci
652 547 748 602 iraeque
758 548 865 604 pepercit
874 568 880 594 ι

250 615 310 662 “At
328 615 373 662 tibi
391 629 435 670 pro
454 614 569 671 scelere,”
590 615 718 671 exclamat,
739 615 809 671 “pro
833 617 923 663 talibus

304 698 368 730 ansis

248 751 281 809 (li,
292 751 313 799 si
321 767 369 807 qua
378 754 415 798 est
425 750 491 798 caelo
501 751 587 808 pietas,
598 766 658 806 qnae
667 751 728 799 talia
738 754 815 810 curet,

248 819 386 876 persolvant
393 822 476 876 grates
486 819 573 877 dignas
583 821 608 866 et
618 820 726 876 praemia
735 821 840 868 reddant

248 888 338 945 debita,
348 888 389 944 qui
398 888 451 934 nati
461 903 541 934 coram
551 903 589 934 me
599 903 696 935 cernere
705 889 782 936 letum

249 955 329 1004 fecisti
337 957 362 1003 et
373 957 463 1011 patrios
473 956 578 1003 foedasti
586 956 672 1004 funere
682 957 773 1004 vultus.

201 1039 238 1078 540
248 1024 284 1071 At
293 1039 342 1071 non
351 1023 400 1082 ille,
411 1026 492 1071 satum
501 1040 549 1081 quo
558 1026 584 1072 te
593 1025 711 1082 mentiris,
721 1024 829 1072 Achilles

248 1092 305 1140 talis
315 1092 341 1139 in
351 1093 419 1139 hoste
428 1093 476 1139 fuit
487 1092 584 1140 Priamo
594 1112 600 1149 ς
614 1093 656 1140 sed
665 1093 720 1139 iura
728 1093 847 1148 fidemque

249 1160 363 1217 supplicis
372 1161 477 1218 erubuit,
488 1177 620 1217 corpusque
630 1176 751 1218 exsangue
761 1161 871 1217 sepulcro

248 1230 353 1277 reddidit
363 1230 519 1287 Hectoreum,
526 1244 610 1285 meque
619 1229 645 1276 in
655 1244 709 1276 mea
717 1245 794 1286 regna
801 1229 921 1276 remisit.”

250 1297 289 1345 Sic
299 1297 366 1345 fatus
375 1297 461 1355 senior,
472 1297 594 1353 telumque
603 1297 698 1344 imbelle
708 1297 759 1344 sine
768 1297 820 1345 ictu

249 1365 359 1424 coniecit,
368 1381 441 1414 rauco
451 1366 514 1422 quod
524 1366 634 1422 protinus
643 1381 699 1413 aare
709 1365 842 1422 repulsum,

249 1435 274 1481 et
284 1449 377 1482 summo
387 1433 458 1490 clipei
466 1434 610 1490 nequiquam
619 1433 723 1480 umbone
732 1433 856 1489 pependit.

249 1502 295 1550 Oui
304 1502 415 1558 Pyrrhus
426 1502 441 1524 “
448 1503 549 1550 Referes
559 1516 616 1559 ergo
625 1501 685 1549 haec
694 1503 720 1548 et
729 1501 830 1548 nuntius
839 1501 885 1547 ibis

248 1570 347 1618 Pelidae
360 1570 472 1628 genitori.
502 1569 698 1616 Illimeatristia
707 1569 775 1617 lacta

249 1638 436 1695 degeneremque
446 1639 632 1695 Neoptolemum
641 1654 743 1686 narrare
754 1639 888 1685 memento:

201 1728 238 1764 550
248 1722 313 1754 nunc
332 1707 450 1754 morere.'’
481 1708 536 1754 Hoc
554 1707 635 1754 dicens
654 1706 743 1754 altaria
759 1707 790 1753 ad
805 1705 859 1761 ipsa
874 1707 923 1752 tra-

305 1776 410 1821 mentem

248 1841 325 1888 traxit
335 1842 360 1888 et
368 1841 394 1887 in
404 1842 482 1890 multo
491 1841 627 1898 lapsantem
637 1842 753 1899 sanguine
762 1841 824 1899 nati,

247 1910 412 1965 implicuitque
422 1926 490 1958 coma
498 1912 601 1968 laevam,
611 1911 743 1967 dextraque
753 1926 880 1958 coruscum

248 1978 336 2026 extulit
345 1994 374 2026 ac
383 1978 456 2026 lateri
466 1981 632 2036 capulotenus
642 1979 734 2027 abdidit
744 1994 833 2027 ensem.

248 2049 317 2094 Haec
327 2047 380 2095 finis
391 2048 483 2095 Priami
491 2049 614 2104 fatorum
628 2047 668 2095 hic
677 2048 756 2096 exitus
765 2047 835 2094 illum

248 2118 312 2164 sorte
322 2117 388 2174 tulit,
399 2118 497 2164 Troiam
506 2118 629 2164 incensam
638 2118 663 2164 et
673 2117 787 2174 prolapsa
799 2117 923 2163 ridentem

248 2187 376 2246 Pergama,
387 2188 425 2234 tot
434 2189 554 2243 quondam
564 2186 659 2242 populis
665 2186 783 2242 terrisque
791 2185 923 2241 superbum

248 2258 401 2313 regnatorem
411 2256 491 2303 Asiae.
521 2255 589 2302 Iacet
598 2255 683 2312 ingens
693 2255 763 2302 litore
772 2256 875 2303 truncus

248 2326 405 2381 avulsumque
415 2324 503 2372 umeris
514 2326 587 2379 caput
597 2325 622 2370 et
632 2324 683 2370 sine
692 2323 787 2370 nomine
798 2338 893 2379 corpus.

278 2392 284 2413 ‘
294 2394 329 2440 At
339 2395 440 2440 metum
450 2392 555 2448 primum
565 2407 651 2439 saevus
659 2390 819 2438 circumstetit
826 2392 921 2439 horror.

201 2473 238 2519 560
249 2461 384 2516 Obstupui3
399 2460 473 2507 subiit
483 2460 534 2508 cari
542 2459 659 2516 genitoris
668 2459 756 2516 imago,

251 2552 253 2556 Α
297 2530 304 2576 l
316 2543 350 2576 154
360 2528 367 2576 )
