1972 3164
320 163 430 204 AENEIS.
454 163 474 203 V

59 263 201 312 nontamen
211 254 321 314 Euryali,
331 270 380 303 non
389 255 430 304 ille
441 254 530 304 oblitus
541 272 663 306 amorum:

60 344 119 375 nam
128 341 180 373 sess
188 327 299 382 opposuit
310 326 375 373 Salio
384 342 428 382 per
438 327 531 374 lubrica
538 343 648 384 surgens,

58 393 101 442 ille
111 395 194 442 entem
203 396 280 451 spissa
288 396 363 443 ieeuit
372 395 498 443 revolutus
507 395 607 443 harene.

59 462 159 510 Emicat
168 463 298 521 Euryalus,
308 466 333 512 et
342 481 443 514 munere
451 466 530 513 vietor
539 464 611 512 amini

59 531 143 588 prima
150 533 227 588 tenet,
237 532 370 588 plausuque
379 533 447 581 volet
456 533 604 590 fremituque
613 533 725 582 seeundo.

60 599 123 647 Post
133 600 251 656 Helymus
261 601 334 658 subit,
345 603 370 648 et
379 617 446 650 nuno
454 602 530 648 tertie
539 603 621 658 palme
631 602 725 650 Diores.

13 679 53 719 340
61 667 112 715 Hie
121 669 200 715 totum
210 683 297 716 eeveee
305 684 444 717 comessum
452 669 559 727 ingentis
568 673 593 718 et
603 686 647 718 ora

60 736 141 802 prima
150 738 248 792 patrum
257 737 351 793 magnis
362 737 441 785 Salius
451 738 594 786 elamoribus
604 739 697 796 implet,

60 806 218 860 ereptumque
227 804 282 852 dolo
290 805 360 852 reddi
369 806 415 853 sibi
424 807 502 861 poscit
511 805 635 854 honorem.

61 873 170 920 Tutatur
178 873 249 920 favor
258 873 393 929 Euryalum
399 874 560 930 leorimaeque
570 875 679 932 decorae,

60 941 155 1000 gratior
164 943 190 988 et
199 942 301 998 pulohro
309 943 407 990 veniens
416 942 442 989 in
453 958 551 998 corpore
561 944 648 990 virtus.

60 1009 171 1057 Adiuvat
180 1011 205 1057 et
212 1026 302 1067 magna
311 1009 446 1067 proclamet
455 1026 513 1058 voos
523 1011 618 1068 Diores,

60 1077 104 1134 qui
113 1077 186 1125 subiit
196 1078 290 1135 palmeo
299 1078 439 1134 frustraque
449 1079 480 1125 ad
489 1079 598 1134 praemia
606 1079 673 1126 venit

60 1145 158 1203 ultime,
168 1146 189 1193 si
198 1146 270 1202 primi
280 1146 344 1194 Salio
352 1147 487 1194 reddentur
495 1147 605 1193 honores.

61 1215 128 1262 Tum
137 1215 208 1270 pater
216 1214 311 1262 Aeneas
322 1214 328 1235 ‘
337 1215 439 1263 Vestra’
450 1214 530 1270 inquit
541 1213 547 1235 ‘
556 1229 658 1260 munera
667 1213 734 1260 vobis

61 1284 132 1330 oerta
137 1284 245 1339 manent,
250 1283 326 1341 pueri,
334 1284 358 1330 et
364 1283 470 1338 palmam
477 1283 558 1329 movet
565 1281 649 1329 ordine
656 1296 739 1328 nemo:

16 1367 53 1406 3⁵0
61 1366 101 1399 me
111 1351 184 1400 lioeet
193 1367 263 1399 oasus
272 1351 380 1398 misereri
388 1350 491 1398 insontis
501 1350 589 1399 emisi)

61 1420 103 1468 sio
113 1419 180 1466 fetus
190 1420 287 1476 tergum
297 1419 396 1467 Gaetuli
404 1419 510 1466 immane
520 1417 596 1466 leonis

60 1487 106 1536 dat
116 1487 190 1546 Salio,
200 1487 263 1534 villis
273 1501 400 1535 onerosum
410 1488 482 1542 atque
492 1486 614 1543 unguibus
625 1485 713 1533 aureis.

48 1585 50 1589 .
61 1555 113 1606 Hie
122 1556 197 1603 Nisus
207 1555 214 1576 ‘
223 1555 249 1602 Si
257 1556 342 1603 tanta’
353 1555 433 1612 inquit
454 1555 525 1602 ‘sunt
535 1553 643 1610 praemia
651 1554 722 1601 vietis

60 1626 88 1672 et
97 1625 123 1672 te
132 1624 255 1679 lapsorum
264 1623 370 1681 miseret,
380 1638 442 1679 quae
454 1637 556 1670 munera
565 1621 626 1668 Niso

60 1692 138 1750 digna
146 1691 232 1740 dabis?
245 1692 349 1748 primam
358 1692 436 1738 merui
444 1691 485 1747 qui
494 1691 565 1738 lande
575 1705 696 1747 eoronam,

61 1761 89 1809 ni
98 1776 147 1818 me,
156 1775 217 1817 qnae
226 1760 327 1816 Salium,
338 1760 449 1807 Fortuna
458 1760 554 1806 inimieo
563 1759 676 1806 tulisset!

61 1829 98 1879 Et
108 1829 179 1878 simul
188 1829 227 1876 his
236 1828 305 1876 dietis
314 1828 401 1876 faeiem
411 1828 549 1876 ostentabat
558 1830 584 1875 et
594 1828 642 1875 ndo

61 1897 148 1954 turpia
157 1896 265 1944 membra
274 1896 339 1944 fimo.
368 1896 433 1942 Risit
441 1898 513 1953 poter
522 1897 628 1952 optimus
638 1895 679 1941 olli

61 1967 90 2015 et
100 1965 203 2022 elipeum
212 1965 294 2013 efferri
302 1965 381 2022 iussit,
392 1965 549 2021 Didymaonis
558 1967 645 2020 artem,

17 2036 55 2087 3⁶⁰
63 2034 176 2091 Neptuni
185 2048 254 2080 sooro
263 2033 356 2080 Danais
366 2033 396 2080 de
405 2035 474 2089 poste
483 2034 594 2081 refixnm.

64 2103 121 2151 Hoo
129 2102 239 2149 invenem
248 2101 371 2158 egregium
380 2101 515 2157 praestanti
524 2114 624 2147 munere
634 2098 717 2145 donet.

94 2170 153 2217 Post
162 2169 204 2216 nbi
213 2168 317 2217 oonieoti
326 2184 420 2225 cursus,
430 2170 455 2215 et
465 2169 530 2215 dona
539 2167 635 2224 peregit
646 2186 652 2212 ε

64 2238 164 2296 ‘Nune
175 2238 325 2286 sionivirtns
332 2237 473 2291 animusque
482 2236 509 2282 in
519 2237 616 2291 pectore
624 2247 746 2289 praesens,

64 2308 131 2356 adsit
141 2308 166 2355 et
176 2305 277 2354 evinctis
287 2305 386 2354 attollat
395 2304 509 2352 bracchia
519 2302 623 2359 palmis!

65 2376 107 2424 Sic
116 2375 160 2432 ait,
171 2377 196 2423 et
204 2374 328 2432 geminum
338 2387 434 2430 pugnae
444 2371 558 2427 proponit
568 2369 694 2427 honorem,

65 2445 155 2492 victori
164 2444 272 2491 velatum
281 2457 342 2490 auro
352 2439 468 2496 vittisque
477 2439 616 2493 iuvencum,

115 2514 124 2561 (
134 2527 168 2552 221
179 2513 188 2558 )
