1972 3164
395 318 417 359 P.
430 317 551 359 vanem
563 317 691 358 menoms

205 418 230 464 et
240 417 319 464 totum
329 415 432 464 involvit
443 416 545 463 flammis
555 431 640 463 nemus
649 417 675 463 et
684 415 735 463 ruit
745 415 826 463 atram

206 485 237 532 ad
247 484 339 532 eaelum
350 485 417 540 pioea
426 501 521 532 crassus
532 485 634 541 ealigine
643 485 740 542 nubem,

171 575 195 599 10
206 553 348 610 praesertim
358 553 379 600 si
387 554 520 608 tempestas
530 569 545 599 a
554 553 645 600 vertice
653 552 719 600 silvis

206 621 324 679 incubuit,
335 620 500 677 glomeratque
510 621 591 668 ferens
601 621 712 668 inoendia
721 623 817 669 ventus.

207 691 261 738 Hoo
270 690 320 746 ubi,
331 705 379 737 non
389 705 404 737 a
414 690 489 745 stirpe
499 689 582 736 valent
591 704 720 745 caesaeque
729 691 820 737 reverti

206 759 308 816 possunt
317 759 390 813 atwe
400 757 449 804 ima
459 757 547 804 similes
557 757 701 806 reviresoere
711 759 786 804 terra.

207 827 296 874 Infelix
306 828 406 881 superat
415 826 479 874 foliis
489 826 592 873 oleaster
602 825 699 873 amaria

235 895 287 944 Nee
310 894 356 942 tibi
377 896 429 942 tam
458 894 564 951 prudens
587 894 713 951 qnisquam
739 895 886 951 persuadeat

263 964 348 1011 auctor

207 1033 320 1080 tellurem
330 1033 409 1079 Borea
418 1032 523 1090 rigidam
533 1031 641 1087 spirante
651 1031 750 1078 moveri.

207 1101 278 1148 Rura
286 1100 343 1157 gelu
352 1101 406 1146 tum
416 1100 507 1147 claudit
517 1099 618 1157 hiemps,
629 1114 674 1146 nee
683 1099 773 1146 semine
782 1098 848 1146 iaoto

208 1170 344 1216 oonoretam
355 1168 448 1223 patitur
457 1168 562 1215 radicem
573 1168 669 1224 affigere
678 1169 766 1214 terrae.

209 1237 309 1292 Optima
318 1236 405 1282 vinetis
415 1237 485 1292 satio,
495 1252 550 1283 oum
560 1250 615 1283 vere
624 1235 722 1282 rubenti

174 1325 198 1348 20
210 1305 312 1352 eandida
320 1304 387 1351 venit
397 1304 448 1351 avis
457 1304 535 1361 longis
545 1305 623 1351 invisa
632 1303 744 1361 oolnbris,

209 1373 288 1431 prima
297 1373 335 1419 vel
344 1373 456 1419 autumni
466 1373 510 1420 sub
520 1373 620 1430 frigora,
631 1389 686 1421 oum
694 1373 795 1428 rapidus
806 1371 847 1420 Sol

208 1442 316 1490 nondum
338 1441 441 1489 hiemem
462 1441 580 1499 contingit
601 1441 675 1500 equis,
695 1440 745 1488 iam
767 1441 888 1498 praeterit

264 1512 352 1559 metas.

209 1580 260 1628 Ver
270 1579 329 1626 adeo
338 1579 420 1627 frondi
429 1595 563 1636 nemorum,
573 1594 616 1626 ver
625 1578 686 1626 utile
695 1577 775 1635 silvis3

210 1663 266 1694 vere
275 1648 371 1695 tument
381 1650 462 1696 terrae
472 1650 497 1695 et
506 1647 624 1703 genitalia
630 1647 722 1694 semina
732 1648 845 1703 posount.

211 1716 274 1763 Tum
285 1717 354 1770 pater
363 1715 514 1771 omnipotens
524 1715 634 1763 fecundis
643 1715 760 1762 imbribus
770 1715 865 1762 Aether
956 1750 961 1755 -

211 1783 319 1840 ooniugis
329 1783 355 1829 in
365 1784 484 1841 gremium
493 1784 572 1831 laetae
582 1784 713 1840 descendit,
724 1784 749 1830 et
758 1797 843 1830 ornnes

211 1866 314 1906 magnus
324 1851 368 1897 alit
378 1867 466 1908 magno
476 1853 618 1899 commixtus
628 1867 726 1908 oorpore
736 1852 810 1899 fetus.

211 1919 275 1967 Avia
284 1920 337 1965 tum
346 1921 461 1966 resonant
471 1921 554 1967 avibus
564 1920 671 1976 virgulta
681 1919 784 1977 canoris,

212 1989 237 2034 et
247 1987 366 2035 Venerem
377 1987 448 2034 oertis
458 1990 573 2043 repetunt
583 1990 695 2035 armenta
704 1988 801 2044 diebus;

165 2081 202 2118 3³0
213 2056 319 2112 parturit
330 2056 407 2102 almus
417 2072 484 2114 ager,
496 2057 643 2113 Zephyrique
652 2056 792 2112 tepentibus
802 2057 869 2104 auris

212 2124 297 2172 laxant
311 2139 370 2170 arva
380 2124 459 2182 sinus;
474 2127 573 2180 superat
583 2127 652 2173 tener
659 2125 769 2172 omnibus
779 2139 865 2182 umor;

210 2192 283 2248 inque
297 2207 371 2240 novos
381 2193 442 2240 soles
453 2194 543 2240 audent
553 2209 578 2240 se
588 2193 701 2251 gramina
709 2194 765 2240 tuto

212 2261 316 2318 eredere,
327 2277 371 2308 neo
381 2261 467 2308 metuit
477 2263 602 2318 surgentes
613 2261 740 2318 pampinus
749 2261 857 2309 Austros

212 2332 256 2377 aut
266 2331 349 2377 aetum
359 2330 424 2377 eaelo
434 2331 528 2388 magnis
538 2329 697 2385 Aquilonibus
706 2329 816 2386 imbrem,

212 2398 254 2446 sed
263 2398 341 2445 trudit
351 2413 458 2455 gemmas
469 2399 494 2444 et
503 2398 600 2445 frondes
610 2398 715 2454 explieat
725 2412 816 2447 omnes.

212 2466 270 2513 Non
279 2467 338 2513 alios
348 2466 426 2521 prima
435 2466 564 2513 oresoentis
574 2465 665 2522 origine
675 2465 758 2512 mundi

212 2534 318 2582 illuxisse
328 2535 378 2582 dies
389 2535 492 2581 aliumve
502 2533 614 2581 habuisse
623 2535 732 2582 tenorem

261 2668 271 2719 (
309 2670 318 2717 )
425 2622 461 2654 332.
483 2618 592 2661 ‘germina'
600 2617 672 2654 celem.

278 2672 301 2709 66
