1972 3164
402 183 552 226 GEORGICA.
578 186 613 225 111

170 277 351 337 collectumque
360 297 472 338 premens
482 283 558 331 volvit
569 284 613 331 sub
623 282 722 331 naribus
732 284 819 342 iguem.

172 348 257 397 Denso
267 348 333 407 iuba,
343 352 369 397 et
378 351 464 398 dextro
475 352 569 400 iactata
578 352 698 400 recumbit
707 354 733 400 iu
742 370 809 401 armo
819 374 824 408 ;

167 417 195 463 at
202 415 292 472 duplex
301 418 383 474 agitur
393 435 437 474 per
450 420 545 467 lumbos
556 421 635 477 spina,
647 423 766 476 cavatque

167 485 281 532 tellurem
290 488 315 532 et
325 485 403 534 solido
411 489 521 544 graviter
532 491 603 536 sonat
613 488 706 545 ungula
716 505 800 537 corun.

168 553 235 600 Talis
244 553 369 610 Amyclaei
379 556 484 604 domitus
494 556 599 604 Pollucis
609 557 710 604 habenis

129 641 156 677 90
169 621 284 678 Cyllarus
295 624 330 679 et,
342 638 446 678 quorum
454 625 524 672 Graii
533 627 662 674 meminere
672 630 765 685 poetae,

168 689 258 736 Martis
268 690 324 746 equi
341 691 434 748 biiuges
444 694 469 740 et
479 693 562 750 magui
571 709 656 741 currus
666 694 763 741 Achilli.

168 757 235 805 Talis
244 760 269 806 et
278 759 330 815 ipse
341 759 427 806 iubam
438 761 529 809 cervice
539 763 643 808 effundit
652 763 740 818 equina

167 826 276 884 coniugis
287 828 397 875 adventu
407 829 494 884 pernix
504 830 632 888 Saturnus,
643 833 668 878 et
678 831 755 878 altum

167 895 252 943 Pelion
262 895 363 943 hinnitu
374 897 471 953 fugiens
481 897 590 954 implevit
600 901 679 946 acuto.

196 964 270 1011 Hune
289 980 390 1022 quoque,
407 965 450 1012 ubi
469 968 514 1014 aut
533 967 615 1014 morbo
634 968 715 1024 gravis
735 969 779 1015 aut
798 968 847 1014 iam

224 1033 323 1091 segnior
331 1034 402 1081 aunis

168 1100 259 1155 deficit,
270 1101 331 1148 abde
341 1102 425 1160 domo,
436 1119 481 1150 nec
490 1104 557 1160 turpi
567 1104 663 1161 ignosce
673 1107 791 1152 senectae.

166 1168 284 1226 Frigidus
293 1169 319 1216 in
328 1171 448 1218 Venerem
459 1173 547 1228 senior,
559 1173 701 1228 frustraque
710 1173 817 1220 laborem

166 1237 293 1294 ingratum
306 1239 393 1297 trahit,
408 1242 434 1287 et
451 1241 473 1288 si
488 1242 585 1296 quando
598 1242 631 1288 ad
645 1242 736 1296 proelia
748 1242 849 1287 ventum

223 1308 270 1364 esi,

168 1376 197 1422 ut
207 1377 327 1431 qnondam
337 1377 363 1423 in
373 1378 471 1434 stipulis
482 1393 586 1435 maguus
597 1377 648 1424 sine
658 1376 749 1423 viribus
758 1376 829 1432 ignis,

122 1463 157 1488 ιω
167 1443 290 1492 incussum
300 1445 372 1493 furit.
402 1447 470 1503 Ergo
480 1447 574 1494 animos
585 1461 717 1500 aevumque
727 1444 821 1491 notabis

168 1513 299 1570 pmcipue
309 1533 315 1571 3
329 1515 387 1562 hinc
397 1515 457 1562 elius
467 1517 534 1562 artes
544 1514 681 1570 prolemque
691 1514 828 1569 parentum,

167 1584 194 1630 et
204 1583 257 1638 quis
268 1583 352 1638 cuique
362 1583 430 1631 dolor
439 1584 514 1640 victo,
526 1599 587 1639 quae
596 1583 673 1640 gloria
683 1582 785 1638 palmae.

167 1651 257 1699 Nonne
266 1652 341 1709 rides,
351 1668 406 1699 cum
416 1652 543 1708 praecipiti
552 1653 684 1699 certamine
694 1666 805 1706 campum

167 1721 313 1778 corripuere,
323 1723 445 1776 ruuntwe
455 1721 527 1768 effusi
537 1735 632 1768 carcere
642 1735 736 1776 currus,

167 1805 223 1837 cum
233 1804 288 1845 spes
298 1792 408 1838 arrectae
417 1790 543 1847 iuvenum,
555 1789 748 1844 exsultantiaque
757 1787 841 1834 haurit

167 1858 241 1905 corda
251 1873 326 1914 pavor
334 1858 451 1915 pulsaue?
479 1858 521 1906 Illi
530 1859 624 1905 instant
633 1857 732 1904 verbere
741 1858 807 1902 torto

168 1927 194 1973 et
203 1927 274 1982 proni
287 1927 347 1974 dent
357 1927 417 1985 lora,
427 1927 494 1974 volat
503 1927 529 1974 vi
538 1927 645 1974 fervidus
655 1925 706 1973 axis
715 1944 721 1982 ς

166 1994 263 2050 iamque
272 1994 384 2052 humiles,
392 1995 488 2051 iamque
498 1995 558 2043 elati
567 1995 668 2042 sublime
677 1994 791 2041 videntur

168 2066 227 2110 aira
237 2079 280 2119 per
291 2079 397 2123 uacuum
406 2064 466 2111 ferri
476 2066 549 2120 etque
559 2079 685 2120 assurgere
695 2064 721 2109 in
731 2078 818 2118 auras3

122 2143 157 2168 ¹¹0
167 2147 213 2179 nee
222 2148 291 2179 mora
300 2147 344 2179 nec
353 2133 446 2188 requies
457 2151 463 2188 ;
478 2134 505 2179 at
514 2133 597 2179 fulvae
607 2132 704 2179 nimbus
713 2131 820 2178 herenae

168 2200 274 2257 tollitur,
285 2202 414 2248 umescunt
425 2201 515 2256 spumis
525 2200 632 2255 flatuque
642 2200 799 2255 sequentum:

166 2271 253 2316 tantus
264 2283 332 2315 amor
340 2268 449 2326 landum,
460 2271 546 2317 tantae
556 2271 594 2316 est
603 2269 705 2315 victoria
715 2281 795 2314 curae.

167 2337 266 2384 Primus
277 2337 451 2385 Erichthonius
462 2353 548 2385 currus
558 2338 584 2384 et
594 2338 711 2392 quattuor
720 2349 793 2380 ausus

166 2407 268 2463 iungere
278 2421 350 2461 equos
360 2407 505 2463 rapidusque
515 2406 575 2453 rotis
584 2405 695 2451 insistere
704 2403 789 2450 victor.

167 2475 251 2522 Frena
259 2475 407 2522 Pelethronii
416 2475 536 2531 Lapithae
546 2487 664 2530 gyrosque
674 2472 760 2519 dedere

216 2543 276 2593 (77)
