1972 3164
471 193 545 233 clsls

169 292 221 337 tam
232 305 305 348 grave
315 291 449 347 servitium,
460 294 511 337 tam
522 292 594 337 duros
605 306 676 346 passa
685 291 786 347 labores,

169 359 284 415 effugere,
295 358 395 405 exitium
406 361 434 405 ut
444 360 529 406 sistam
540 359 636 406 crudele
646 362 769 405 meorum?

169 428 217 472 iam
228 426 276 472 iam
286 442 330 473 nec
338 427 405 473 nobis
416 443 491 482 aequo
501 426 633 474 senioribus
643 427 730 483 ullum,

170 494 250 541 vivere
261 495 280 540 si
291 496 395 550 cupiam,
405 495 466 541 vivit
475 511 559 551 genus.
589 497 618 541 ut
628 495 685 550 quid
695 510 739 550 ego
749 510 832 541 amens

169 563 194 608 te
204 564 296 618 erepta,
307 579 322 608 o
331 564 483 620 Britomarti,
494 580 561 611 meae
572 579 625 619 spes
635 579 685 609 nna
695 563 788 618 salutis,

169 632 203 686 te,
214 631 365 687 Britomarti,
377 632 439 677 diem
450 632 519 686 potui
529 632 660 687 producere
670 632 750 677 vitae?

170 700 242 753 atque
252 699 346 745 utinam
357 699 427 746 celeri
436 701 573 746 natantum
583 702 655 755 grata
664 699 759 746 Dianae

170 768 272 813 venatus
282 782 346 813 esses
356 767 424 823 virgo
434 769 527 814 sectata
536 768 652 825 virorum,

170 834 261 880 Gnosia
270 849 318 882 neu
327 835 420 881 Partho
429 836 576 883 contendens
587 836 680 891 spicula
690 851 766 884 cornu

123 918 158 955 300
171 902 285 949 Dictaeas
295 918 380 960 ageres
389 902 422 949 ad
430 904 542 959 gramina
551 906 610 950 nota
619 904 737 960 capellas!

170 986 302 1026 numquam
311 974 362 1018 tam
372 971 458 1018 obnixe
468 972 563 1028 fugiens
573 973 661 1018 Minois
672 987 765 1018 amores

170 1054 284 1094 praeceps
294 1040 353 1086 aerii
362 1040 459 1096 specula
469 1040 498 1086 dc
508 1041 597 1088 montis
609 1047 643 1087 iti
651 1040 710 1086 isses

169 1107 233 1154 unde
243 1107 285 1153 alii
294 1107 384 1164 fugisse
395 1108 479 1155 ierunt
489 1124 517 1155 ac
528 1123 618 1154 numen
627 1107 742 1163 Aphaeae

169 1174 269 1230 virginis
279 1175 424 1231 adsignatum
439 1175 488 1231 olii,
499 1190 546 1230 quo
555 1174 635 1221 notior
645 1189 717 1230 esses,

169 1242 317 1297 Dictynnam
327 1244 407 1289 dixere
417 1245 461 1289 tuo
470 1243 499 1290 de
509 1242 605 1289 nominc
615 1241 707 1289 lunam.

169 1310 218 1356 sint
228 1310 286 1357 haec
296 1326 354 1358 vera
363 1311 450 1367 velim;
465 1311 525 1357 mihi
533 1313 607 1367 certe,
618 1313 685 1368 nata,
697 1310 789 1366 peristi.

169 1393 300 1434 numquam
322 1394 366 1435 ego
389 1381 414 1425 te
434 1394 527 1426 summo
547 1379 689 1426 volitantem
709 1379 735 1425 in
754 1376 842 1425 vertice

225 1447 314 1494 montis

170 1516 297 1572 Hyrcanos
307 1516 371 1563 inter
381 1516 479 1564 comites
489 1532 622 1573 agmenque
632 1517 739 1563 ferarum

169 1583 322 1640 conspiciam,
333 1586 412 1631 necte
422 1585 563 1632 redeuntem
573 1585 685 1639 amplexa
696 1583 789 1630 tenebo.

122 1673 158 1709 310
169 1668 254 1699 verum
263 1652 322 1699 haec
332 1655 385 1699 tum
395 1653 463 1699 nobis
473 1653 558 1708 gravia
568 1655 640 1708 atque
650 1652 749 1707 indigna
759 1651 836 1706 fuero,

169 1723 231 1777 tum,
241 1736 295 1768 mea
305 1721 411 1777 alumna,
422 1722 460 1766 tni
469 1736 524 1768 cum
534 1736 588 1776 spes
597 1722 692 1776 integra
702 1720 811 1766 maneret
821 1739 826 1765 :

169 1805 225 1835 nom
235 1805 282 1836 vox
291 1789 339 1836 ista
349 1804 413 1836 meas
423 1790 530 1836 nondum
540 1789 673 1836 violaverat
683 1803 761 1835 aures.

168 1859 211 1905 ten
220 1858 294 1905 etiam
304 1857 404 1905 fortuna
413 1858 472 1904 mihi
482 1859 584 1905 crudelis
594 1858 693 1914 ademit,

168 1927 218 1982 ten,
229 1944 241 1972 ο
251 1927 302 1973 sola
311 1943 378 1974 meae
388 1926 483 1973 vivendi
493 1942 566 1973 causa
576 1928 703 1973 senectae?

168 2009 239 2049 saepo
249 1995 292 2041 tuo
302 1995 366 2041 dulci
376 1994 519 2049 nequiquam
530 1995 602 2049 capta
612 2007 705 2048 sopore,

168 2077 223 2108 cum
233 2064 353 2116 premeret
362 2064 460 2116 natura,
472 2061 533 2106 mori
543 2076 581 2106 me
590 2060 652 2106 velle
662 2057 758 2114 negavi,

168 2131 197 2176 ut
207 2129 252 2176 tibi
262 2130 361 2184 Corycio
370 2128 528 2184 glomerarem
539 2127 651 2173 flammea
660 2125 719 2171 luto.

168 2212 229 2252 quac
239 2213 304 2244 nunc
313 2211 359 2252 me,
370 2196 462 2250 infelix,
473 2198 516 2241 out
526 2211 572 2250 quo
582 2210 620 2241 me
629 2195 683 2240 fata
692 2192 833 2239 reservant?

169 2280 201 2311 an
215 2265 299 2320 nescis,
310 2280 358 2319 qua
367 2264 419 2319 lege
429 2263 506 2318 patris
517 2263 546 2309 de
556 2263 645 2309 vertice
656 2276 749 2307 summo

123 2354 158 2390 320
168 2333 234 2380 edita
244 2333 373 2380 candentes
384 2333 509 2386 praetexat
518 2346 627 2386 purpura
636 2344 716 2386 canos,

169 2416 230 2457 quae
240 2400 320 2447 tenuis
330 2400 409 2455 patrio
419 2415 488 2454 praes
499 2400 530 2445 sit
541 2414 656 2454 suspensa
666 2397 768 2453 capillo?

168 2470 189 2515 si
199 2469 284 2525 nescis,
294 2468 399 2524 aliquam
410 2483 506 2524 possum
516 2483 612 2523 sperare
623 2467 734 2522 salutem,

216 2538 268 2586 (⁴67
278 2537 287 2584 )
