1972 3164
454 174 476 214 P.
489 174 609 214 VERGILI
622 174 750 215 nhnoms

215 292 253 330 430
264 271 317 318 Hos
325 270 464 318 inxiafalso
474 271 584 319 damnati
594 271 693 319 crimine
702 269 807 319 morlis.⁴

264 339 316 387 Nec
325 355 383 386 vero
391 339 438 386 hae
447 339 499 387 sine
508 340 574 387 sorte
583 340 664 396 datae,
675 339 727 388 sine
736 340 823 398 iudice,
834 341 917 391 sedeas

263 408 386 465 quaesitor
395 408 476 456 Minos
485 424 572 456 urnam
582 410 678 464 monela
692 408 733 456 ille
743 408 859 456 silentum

264 478 436 533 conciliumque
444 479 516 526 vocal
525 477 634 533 vilesque
644 477 670 524 eh
680 476 783 524 crimina
793 477 874 526 dacio.

265 546 379 593 Proxima
388 545 473 593 deinde
482 547 570 594 tanoni
579 547 667 593 maesii
675 546 737 604 loca,
747 545 790 602 qui
799 546 846 593 sibi
855 546 933 596 letum

263 614 371 662 insontes
381 629 494 670 peperere
504 630 587 672 manu,
598 615 723 670 lucemque
734 614 813 670 perosi

265 685 386 740 proiecere
396 684 496 732 animas.
527 684 606 741 Quam
615 684 708 732 vellenl
717 684 816 732 aethere
826 685 853 731 in
862 683 915 733 alto

265 755 364 800 nuncet
374 753 512 809 pauperiem
522 755 547 800 eh
557 753 629 800 duros
639 752 747 808 perferre
756 751 867 800 labores!

266 819 315 867 Fas
324 821 414 879 obshai,
425 821 537 877 tristique
546 821 616 877 palus
625 820 762 868 inamabilis
772 821 841 868 unda

266 889 352 946 alligel
361 891 387 938 el
396 890 478 937 novies
489 889 551 946 eryx
560 889 681 936 marsuae
690 889 795 936 coercei.

218 980 256 1017 440
266 958 319 1005 Nec
326 958 410 1014 procul
419 958 475 1005 hinc
481 959 577 1014 perlem
584 958 633 1004 iusi
639 959 808 1004 monstrantur·
814 957 943 1006 inomnem

265 1027 377 1082 lugentes
387 1026 481 1082 campi;
495 1026 529 1072 sie
537 1026 591 1073 illos
601 1026 697 1072 nomine
707 1025 800 1073 dicuni,

267 1095 315 1143 Hic
324 1110 383 1151 quos
393 1095 468 1142 durus
478 1110 546 1141 amor
555 1094 647 1142 crudeli
655 1094 713 1141 tabe
723 1095 828 1152 percelli,

266 1163 354 1211 secreti
363 1163 442 1211 celani
452 1163 524 1211 calles
534 1164 560 1210 ei
571 1164 666 1218 myrtea
674 1162 766 1210 circum

266 1232 327 1280 silva
336 1232 398 1290 tegit
406 1251 413 1288 ;
428 1247 501 1280 curae
509 1246 557 1278 non
566 1231 619 1286 ipsa
628 1230 654 1277 in
663 1233 741 1278 morie
751 1230 903 1287 relinquunh.
938 1246 941 1252 ·

267 1302 314 1348 His
328 1301 464 1348 Phaedram
478 1299 634 1356 Procrimque
644 1299 702 1346 loeis
711 1301 879 1356 maesiamque
889 1300 944 1347 Eri-

323 1369 420 1427 phylen,

268 1437 371 1486 crudelis
380 1437 434 1485 nali
442 1438 618 1485 monstrantem
628 1437 737 1491 vulnera.
748 1437 835 1494 cernit,
933 1473 937 1478 .

269 1507 433 1562 Evadnenque
443 1509 467 1553 eh
479 1506 614 1562 Pasiphaen
625 1526 631 1562 ς
646 1506 684 1553 his
694 1507 827 1554 Laodamia

267 1575 288 1622 ii
294 1590 380 1631 comes,
388 1575 413 1622 ei
422 1574 514 1622 iuvenis
520 1574 648 1631 quondam,
654 1589 720 1620 nnnc
726 1573 820 1621 femina
826 1568 944 1631 anneum

268 1659 353 1690 rursus
363 1644 389 1690 ei
398 1643 424 1689 in
433 1645 540 1690 veterem
549 1643 602 1690 faho
612 1643 723 1690 revoluta
732 1642 845 1699 figuram.

221 1734 258 1772 ⁴⁵0
269 1713 339 1759 Inter
348 1727 407 1766 quas
418 1713 548 1759 Phoenissa
558 1727 641 1760 recens
651 1728 666 1758 a
675 1711 775 1758 vulnere
784 1711 850 1759 Dido
937 1720 942 1725 '

269 1779 367 1828 errabal
377 1780 438 1826 silva
446 1780 472 1827 in
482 1795 579 1836 magna.
610 1781 688 1837 Quam
699 1780 786 1828 Troius
796 1780 867 1827 heros

269 1850 298 1895 ni
307 1847 413 1903 primum
422 1847 493 1894 iuxta
502 1849 572 1895 shehih
581 1849 726 1906 agnovitque
736 1863 780 1904 per
788 1849 888 1895 umbras

268 1916 403 1972 obscuram,
414 1916 509 1972 qualem
518 1917 597 1972 primo
607 1917 649 1974 qui
658 1933 756 1974 surgere
767 1931 850 1964 mense
938 1936 942 1947 ·

269 1987 313 2033 auh
322 1984 388 2032 videi
398 1986 442 2031 auh
451 1985 538 2033 vidisse
548 1987 621 2041 palai
631 2000 674 2041 per
684 1985 767 2032 nubila
776 1985 870 2041 lunam,

269 2053 364 2103 demisit
373 2053 486 2100 lacrimas
496 2053 605 2110 dulcique
615 2055 705 2100 affatus
715 2068 796 2100 amore
805 2053 859 2100 est:

269 2123 275 2144 ‘
285 2123 375 2170 Infelix
384 2122 456 2179 Dido,
466 2138 538 2170 verus
548 2122 607 2168 mihi
616 2122 717 2168 nuntius
727 2137 785 2178 ergo

269 2193 370 2238 veneral
379 2191 524 2238 exstincham
532 2190 643 2244 ferroque
653 2191 762 2236 extrema
771 2189 900 2236 secutam?

270 2260 372 2307 Funeris
382 2260 429 2306 heu
438 2259 484 2306 libi
493 2274 567 2306 causa
575 2257 627 2304 fui?
654 2257 703 2304 Per
712 2257 792 2303 sidera
801 2257 863 2312 iuro,

270 2344 313 2385 per
324 2343 422 2384 superos
432 2329 457 2374 ei
466 2328 488 2374 si
496 2343 544 2382 qua
553 2327 612 2372 fides
622 2325 709 2372 tellure
720 2325 764 2372 sub
774 2325 823 2370 ima
832 2326 879 2381 esi,

222 2404 260 2450 4⁶0
268 2396 370 2453 inviins,
380 2395 472 2453 regina,
482 2397 526 2442 luo
536 2394 565 2442 de
574 2394 645 2440 litore
656 2393 723 2441 cessi.

270 2465 317 2512 Sed
327 2480 365 2511 me
374 2465 440 2512 iussa
450 2464 529 2521 deum,
539 2478 599 2519 quac
609 2478 674 2510 nunc
683 2462 727 2508 has
737 2462 772 2508 ire
783 2477 828 2517 per
836 2460 944 2517 umbras,

317 2532 387 2581 (2⁵2)
