1972 3164
310 171 419 213 AENEIS.
444 173 476 212 XI

56 266 202 324 invitatisque
211 267 269 314 viris
278 268 393 324 gerimus,
404 283 463 324 quos
472 269 541 316 nulla
550 269 658 326 fatigant

58 334 164 391 proelia:
178 349 222 382 nec
232 335 290 381 victi
300 335 401 390 possunt
411 335 527 383 absistere
537 335 610 384 ferro.

58 402 132 458 Spem
143 402 163 449 si
172 412 246 458 quam'
254 403 336 450 ascitis
345 403 459 451 Aetolum
469 404 588 451 habuistis
597 405 623 451 in
632 403 713 460 armis,

58 470 150 529 ponite.
180 471 239 527 Spes
249 472 294 523 sibi
304 473 417 529 quisque;
431 473 473 520 sed
482 472 541 520 haec
547 488 619 529 quam
629 474 734 530 angusta

114 538 210 587 videtis.

10 623 47 661 310
58 607 147 656 Cetera
156 623 204 664 qua
212 623 293 654 rernm
303 609 398 656 iaceant
407 609 518 665 perculsa
527 610 606 665 ruina,

57 676 118 723 ante
126 676 208 724 oculos
216 676 327 732 interque
336 693 422 724 manus
432 681 490 726 sunt
499 679 580 725 omnia
588 679 691 725 vestras.

59 743 112 792 Nec
121 760 266 801 quemquam
275 745 358 793 incuso
368 765 374 793 z
388 746 534 803 potuitquae
542 745 732 802 plurimavirtus

57 828 119 869 esse,
129 813 178 860 fuit
184 833 191 871 ;
206 815 259 861 toto
268 815 388 861 certatum
398 815 435 861 est
445 830 543 871 corpore
553 815 630 870 regni.

58 881 132 929 Nunc
142 881 202 929 adeo
211 897 272 938 quae
281 882 314 929 sit
324 882 410 930 dubiae
419 883 541 930 sententia
549 883 627 930 menti

57 950 184 1005 expediam
194 953 220 998 et
229 950 311 1006 paucis
322 950 423 1008 (animos
432 951 552 1006 adhibete)
563 951 660 998 docebo.

59 1017 107 1064 Est
117 1019 231 1074 antiquus
240 1035 299 1076 ager
309 1019 388 1066 Tusco
397 1019 457 1066 mibi
466 1019 589 1075 proximus
600 1019 675 1075 amni,

57 1085 144 1142 longus
154 1087 180 1132 in
189 1102 309 1144 occasum,
320 1085 462 1143 fines'super
470 1103 546 1143 usque
557 1087 656 1134 Sicanos
667 1107 673 1143 3

57 1153 169 1202 Aurunci
178 1155 311 1211 Rutulique
320 1157 414 1212 serunt,
424 1157 450 1202 et
459 1170 555 1202 vomere
565 1156 638 1202 duros

57 1224 171 1269 exercent
180 1218 260 1280 colles,
270 1224 343 1278 atque
352 1222 439 1269 borum
450 1222 582 1279 asperrima
591 1225 703 1278 pascunt.

10 1299 48 1338 320
58 1291 128 1338 Haeo
138 1289 216 1338 omnis
224 1290 290 1347 regio
300 1292 325 1337 et
334 1291 392 1337 celsi
401 1290 474 1346 plaga
483 1290 554 1346 pinea
563 1291 651 1338 montis

58 1358 130 1406 cedat
139 1358 260 1406 amicitiae
269 1359 429 1415 Teucrorum,
440 1360 466 1405 et
476 1358 578 1405 foederis
588 1375 676 1415 aequas

57 1427 166 1474 dicamus
176 1425 240 1483 leges
251 1426 371 1481 sociosque
380 1426 406 1472 in
416 1441 492 1483 regna
500 1442 619 1475 vocemus.

57 1495 200 1552 Considunt,
210 1495 231 1542 si
240 1496 326 1541 tantus
336 1510 413 1551 amor,
423 1496 448 1542 et
458 1495 552 1542 moenia
561 1497 674 1544 condant.

57 1563 100 1610 Sin
111 1563 170 1610 alios
180 1563 239 1610 lines
249 1563 369 1618 aliamque
379 1577 502 1618 capessere
511 1565 608 1619 geniem

56 1633 95 1679 est
105 1631 199 1678 animus
209 1632 358 1687 possuntque
365 1630 415 1679 solo
425 1631 537 1678 decedere
547 1635 631 1679 nostro
641 1653 646 1679 :

56 1699 94 1747 bis
103 1699 178 1747 denas
188 1700 253 1747 Italo
261 1702 373 1747 texamus
383 1700 468 1747 robore
477 1716 559 1757 naves,

56 1783 100 1816 seu
109 1769 192 1825 plures
201 1768 320 1824 complere
328 1768 426 1826 ualent3
440 1768 503 1816 iacet
513 1769 589 1816 omnis
599 1769 630 1816 ad
640 1770 730 1818 undam

57 1838 172 1886 materies
181 1857 187 1895 ;
200 1837 247 1893 ipsi
255 1852 429 1894 numerumque
439 1839 582 1894 modumque
592 1839 680 1886 carinis

56 1906 216 1963 praecipiant,
226 1920 270 1953 nos
279 1921 338 1954 aera
346 1921 432 1954 manus
441 1906 538 1954 navalia
546 1907 639 1955 demus.

10 1985 48 2022 33ο
58 1973 190 2022 Praetmea
198 1975 239 2030 qni
248 1974 314 2022 dicta
323 1975 404 2024 ierant
414 1977 439 2023 et
448 1976 547 2023 foedera
555 1975 654 2022 firment

56 2044 156 2090 centum
165 2044 272 2090 oratores
282 2043 360 2098 prima
369 2044 399 2090 de
408 2044 480 2099 gente
490 2042 590 2089 Latinos

56 2109 92 2156 ire
106 2110 195 2166 placet,
205 2111 317 2166 pacisque
327 2126 402 2157 mann
412 2110 568 2165 praetendere
577 2124 667 2167 ramos,

57 2193 160 2225 munera
168 2180 293 2234 portantes
303 2178 403 2233 aurique
412 2177 535 2232 eborisque
545 2176 640 2224 talenta

57 2247 84 2293 et
95 2245 181 2293 sellam
189 2247 259 2303 regni
269 2247 425 2301 trabeamque
433 2245 537 2301 insignia
545 2245 632 2292 nostri.

58 2314 183 2363 Consulite
192 2314 218 2360 in
227 2314 332 2361 medinm
345 2315 371 2361 et
380 2313 452 2360 rebus
462 2314 595 2360 succurrite
604 2313 691 2360 fessis!

88 2383 155 2429 Tum
164 2381 274 2429 Drances
284 2382 347 2428 idem
356 2380 474 2436 infensus,
484 2395 555 2435 quem
565 2379 642 2438 gloria
652 2381 729 2433 Turrd

58 2449 156 2505 obliqua
163 2449 254 2496 invidia
262 2449 413 2504 stimulisque
422 2447 533 2506 agitabat
541 2448 638 2506 amaris,

105 2517 175 2569 (³85)
386 2525 401 2555 N
