1972 3164
424 185 593 228 enemevl

171 281 245 331 Ostia
252 281 347 340 iamque
355 283 441 331 domne
451 286 552 340 patuere
561 284 672 341 ingentia
680 287 778 334 eentum

171 351 259 406 sponte
268 365 313 398 ena
321 350 431 407 vatisque
439 350 524 399 ferunt
532 367 649 408 responsa
659 367 702 409 per
710 367 783 401 aurae
793 372 799 400 ε

172 420 179 441 ¹
187 418 210 467 0
219 418 318 466 tandem
328 418 422 476 magnis
431 418 511 476 pelagi
520 420 635 468 defuneto
644 420 740 476 periclis

171 486 225 545 (sed
233 489 315 535 terrae
323 487 437 544 graviora
445 488 563 546 manent),
574 489 600 535 in
610 504 686 546 regna
694 487 783 537 Iavini

171 555 445 613 Dardanidaeyenient3
456 555 527 604 mitte
534 557 598 605 hane
605 557 635 605 de
644 559 741 613 peetore
748 571 848 616 onram3

172 623 216 671 eod
224 638 274 670 non
283 624 308 671 et
316 625 411 673 venisse
419 624 509 673 volent.
538 626 617 683 Bella,
626 625 726 673 horrida
733 625 798 674 bella

171 693 198 739 et
209 691 324 748 Thybrim
333 693 412 740 multo
421 694 574 748 spumantem
583 693 700 750 sanguine
708 709 789 742 oemo.

172 759 231 806 Non
240 759 326 808 Simois
335 761 381 808 tibi
390 777 435 810 neo
444 761 557 809 Xanthus
566 777 611 809 neo
620 762 710 809 Doriea
719 763 801 810 eastra

173 827 310 886 defuerint3
325 829 387 877 alius
397 830 469 878 Latio
478 830 527 878 iam
537 832 622 886 partus
631 830 746 888 Achilles,

133 914 164 954 90
173 897 248 943 natus
257 896 340 953 etipse
349 898 395 945 dea
403 916 411 954 ;
424 914 469 946 nee
479 898 577 946 Teucris
587 897 670 944 addita
679 899 741 946 Iuno

173 979 276 1020 nequam
285 966 378 1014 aberit:
396 982 451 1014 enm
460 969 490 1014 tu
499 966 599 1022 supplex
607 965 633 1012 in
643 966 714 1013 rebus
724 967 805 1023 egenis

173 1047 233 1090 quas
242 1036 327 1091 gentes
336 1035 428 1083 Italum
438 1037 482 1083 aut
492 1050 551 1091 qnae
560 1050 609 1081 non
618 1035 723 1082 oraveris
732 1035 818 1082 urbes!

174 1101 254 1150 Oenea
263 1102 322 1150 mali
330 1103 395 1150 tenti
404 1103 508 1152 ooninnx
516 1103 606 1150 iterum
615 1102 712 1159 hospita
720 1103 820 1150 Teneris

174 1170 315 1227 externique
323 1172 414 1220 iterum
423 1171 534 1219 thalami.

174 1240 215 1287 Tu
223 1253 254 1287 ne
263 1239 320 1287 eede
329 1240 408 1297 malie,
419 1242 461 1288 sed
470 1242 556 1288 eontra
565 1239 693 1286 audentior
701 1240 737 1287 ito

174 1323 247 1365 qnam
256 1309 302 1356 tua
310 1309 336 1355 te
345 1309 456 1356 Fortuna
465 1309 536 1356 sinet.
566 1307 614 1355 Via
623 1308 702 1364 prima
711 1306 805 1364 salutis,

175 1376 239 1433 quod
248 1375 345 1425 minine
352 1377 420 1434 reris,
432 1377 507 1424 Graia
516 1376 638 1432 pandetur
647 1376 677 1422 ab
687 1375 763 1424 urbe!

204 1444 303 1492 Talibus
312 1460 343 1493 ex
351 1446 425 1502 adyto
434 1445 505 1493 dietis
515 1445 622 1493 Cumaea
632 1444 723 1500 Sibylla

174 1512 308 1561 horrendae
318 1513 384 1560 oanit
394 1513 507 1570 ambages
516 1515 634 1568 antroque
643 1512 757 1570 remugit,

125 1601 165 1630 zoe
175 1581 283 1629 obseune
292 1595 351 1630 vera
359 1580 483 1629 involvens
496 1602 501 1628 z
516 1597 545 1628 ea
554 1581 625 1627 frena
633 1580 726 1627 furenti
735 1633 742 1646 Ι,

175 1650 284 1698 ooneutit
294 1652 319 1698 et
329 1649 439 1698 stimulos
449 1650 494 1697 sub
503 1651 599 1705 pectore
609 1648 684 1696 vertit
693 1648 789 1704 Apollo.

176 1719 212 1767 Ut
220 1719 326 1776 primum
337 1719 407 1766 eessit
417 1719 486 1766 furor
496 1720 521 1765 et
530 1717 616 1765 rabida
624 1733 667 1764 ore
675 1716 798 1774 quierunt,

175 1787 261 1844 ineipit
270 1788 366 1835 Aeneas
375 1788 444 1835 heroe
455 1807 461 1835 z
476 1786 548 1834 ‘Non
558 1786 609 1833 ulla
617 1786 736 1843 laborum,

175 1872 191 1904 o
199 1854 277 1913 virgo,
287 1870 351 1902 nova
360 1854 394 1902 mi
403 1854 478 1902 faeies
486 1854 615 1911 inopinave
626 1853 705 1911 surgit
714 1872 721 1911 ς

176 1924 259 1973 omnia
267 1923 378 1980 praecepi
387 1925 459 1979 atoue
468 1922 549 1970 animo
558 1938 652 1970 meeum
661 1923 720 1969 ante
730 1919 821 1978 peregi.

176 1994 261 2042 Unum
270 2007 313 2040 oro
322 2012 327 2040 ι
341 1992 437 2048 quando
445 1991 485 2039 hio
494 1990 583 2038 inferni
591 1990 665 2037 ianne
673 1991 738 2047 regie

176 2062 267 2110 dieitur
275 2062 301 2109 et
310 2060 436 2107 tenebrosa
444 2059 514 2115 palus
524 2059 660 2106 Acheronte
670 2058 761 2112 refuso,

175 2130 213 2178 ire
222 2128 255 2176 ad
263 2130 418 2184 eonspeetum
428 2127 478 2175 cari
487 2127 603 2183 genitoris
612 2127 637 2172 et
647 2140 690 2172 ora

176 2197 319 2254 eontingat5
332 2196 417 2243 dooeee
426 2195 508 2242 iteret
518 2210 587 2242 sacra
595 2194 658 2240 ostia
666 2191 767 2248 pandas.

131 2279 168 2306 110
177 2265 253 2314 illum
262 2280 307 2322 ego
316 2279 360 2320 per
369 2263 479 2310 flammas
488 2264 513 2309 et
523 2262 589 2308 mille
598 2260 723 2316 sequentia
732 2258 783 2305 tela

175 2333 256 2391 eripui
265 2332 303 2379 hie
311 2331 401 2379 umeris
410 2330 534 2386 medioque
543 2345 573 2376 ex
582 2329 651 2377 hoste
660 2326 738 2381 recepi
746 2345 752 2381 ;

175 2402 218 2452 ille
227 2416 309 2449 meum
318 2400 447 2448 eomitatns
456 2399 505 2446 iter
513 2397 591 2444 maria
599 2395 680 2444 omnia
689 2409 781 2441 meeum

175 2473 251 2589 εἰςιέο
259 2485 342 2587 on3nee
351 2468 476 2527 pelagique
485 2466 563 2514 minae
573 2464 679 2521 caelique
687 2461 789 2519 ferebat,

243 2551 279 2589 ²41
