1972 3164
391 189 413 227 P.
426 189 545 229 VERGILI
559 189 686 231 MARONIS

200 281 294 331 fatidici
303 283 427 343 genitoris,
438 287 490 334 adit
499 287 611 344 lucosque
619 289 665 336 sub
674 289 727 337 alta

201 351 305 398 consulit
314 352 434 412 Albunea,
445 370 569 402 nemorum
579 372 640 412 quae
649 357 756 406 maxima
766 373 839 408 sacro

200 419 269 468 fonte
279 424 350 468 sonat
359 437 501 479 saevamque
510 424 608 471 exhalat
618 440 694 480 opaca
702 427 841 482 mephitim.

201 488 267 536 Hinc
276 489 355 537 Italae
365 493 450 547 gentes
459 492 582 548 omnisque
591 493 708 540 Oenotria
718 495 793 542 tellus

201 557 226 603 in
236 556 313 604 dubiis
323 574 438 614 responsu
447 561 550 616 petunt3
564 559 612 607 huc
622 561 685 608 dona
695 563 807 610 sacerdos

201 640 256 672 cum
265 625 325 672 tulit
334 629 360 674 et
369 642 494 674 caesarum
503 628 583 675 ovium
593 628 638 674 sub
648 630 719 676 nocte
729 629 812 678 silenti

201 693 303 749 pellibus
312 694 421 743 incubuit
430 696 515 743 stratis
525 711 666 751 somnosque
676 697 774 754 petivit,

201 761 280 808 multa
289 763 365 810 modis
374 763 502 811 simulacra
510 763 576 811 videt
586 764 715 812 volitantia
724 765 800 825 miris,

165 848 190 886 90
201 831 226 877 et
235 831 315 878 varias
323 832 392 879 audit
401 847 479 889 voees,
489 832 626 887 fruiturque
635 832 735 879 deorum

201 899 325 957 colloquio,
336 902 408 956 atque
417 901 471 947 imis
481 900 622 948 Acheronta
631 901 725 947 affatur
734 901 850 950 Avernis.

202 967 250 1014 Hic
259 969 285 1014 et
294 969 348 1014 tum
358 972 428 1025 pater
436 969 487 1024 ipse
497 969 581 1024 petens
590 983 706 1024 responsa
716 970 822 1017 Latinus

200 1037 299 1084 centum
308 1036 429 1093 lanigeras
439 1037 563 1084 mactabat
572 1035 620 1083 rite
629 1035 748 1094 bidentes,

201 1105 273 1159 atque
283 1104 372 1151 harum
381 1105 481 1152 effultus
490 1106 561 1161 tergo
571 1105 703 1159 stratisque
712 1104 809 1152 iacebat

200 1171 328 1219 velleribus
339 1193 344 1219 :
361 1172 441 1220 subita
450 1188 480 1219 ex
489 1172 540 1219 alto
549 1187 598 1219 vox
607 1173 702 1219 reddita
711 1173 767 1220 luco
776 1175 815 1221 est
827 1194 834 1221 t

202 1239 254 1287 ‘Ne
264 1242 319 1295 pete
328 1241 435 1288 conubiis
445 1242 528 1287 natam
539 1239 629 1287 sociare
639 1240 743 1298 Latinis,

201 1323 215 1356 ο
224 1324 278 1356 mea
288 1309 420 1366 progenies,
431 1307 545 1356 thalamis
555 1322 602 1354 neu
612 1308 682 1355 crede
692 1308 785 1364 paratis
795 1329 800 1355 ι
886 1338 890 1343 -

201 1378 296 1425 externi
305 1377 402 1424 venient
411 1377 501 1434 generi,
512 1377 553 1432 qni
562 1375 679 1432 sanguine
689 1377 802 1424 nostrum

201 1459 288 1492 nomen
306 1444 333 1491 in
351 1447 419 1492 astra
437 1444 526 1501 ierant,
543 1459 692 1500 quorumque
711 1460 727 1491 a
744 1445 823 1501 stirpe
839 1461 879 1494 ne-

258 1516 326 1570 potes
885 1521 888 1525 ’

154 1602 190 1628 ιω
202 1582 283 1629 omnia
292 1582 336 1629 sub
346 1582 454 1639 pedibus,
465 1597 514 1638 qua
524 1581 564 1628 Sol
574 1583 704 1636 utrumque
714 1595 845 1628 recurrens

202 1651 288 1706 aspicit
298 1650 429 1708 Oceanum,
439 1650 548 1705 vertique
558 1649 655 1706 regique
665 1648 801 1696 videbunt.’
874 1657 889 1679 ·'

202 1719 270 1765 Haeo
279 1732 395 1773 responsa
404 1718 481 1774 patris
491 1717 571 1765 Fauni
581 1718 733 1772 monitusque
743 1717 826 1765 silenti

200 1787 271 1833 nocte
281 1785 350 1831 datos
359 1801 408 1832 non
417 1787 467 1841 ipse
477 1801 521 1833 suc
530 1786 619 1842 premit
628 1800 669 1832 ore
679 1785 792 1843 Latinus,

201 1855 242 1902 sed
253 1853 343 1900 circum
352 1853 402 1900 late
411 1854 514 1900 volitans
524 1855 572 1900 iam
582 1855 660 1900 Fama
669 1868 712 1908 per
721 1854 794 1901 urbes

201 1921 321 1969 Ausonias
330 1920 429 1977 tulerat,
441 1937 496 1968 enm
506 1921 679 1969 Laomedontia
688 1920 765 1976 pubes

200 1990 323 2048 gramineo
333 1990 400 2045 ripae
409 1990 522 2046 religavit
532 1990 563 2036 ab
573 2004 661 2048 aggere
671 1990 781 2037 classem.

229 2059 324 2106 Aeneas
334 2058 452 2114 primique
462 2058 534 2104 duces
544 2059 569 2105 et
579 2057 679 2114 pulchar
689 2057 758 2103 Iulus

201 2144 302 2184 corpora
311 2127 355 2174 sub
364 2128 438 2174 ramis
448 2127 572 2182 deponunt
581 2126 673 2174 arboris
683 2125 757 2184 altae,

201 2197 379 2251 instituuntque
390 2195 471 2251 dapes,
482 2196 507 2241 et
517 2196 605 2242 adorea
614 2195 664 2241 liba
673 2210 717 2251 per
725 2194 827 2241 herbam

155 2279 192 2304 ¹10
202 2265 331 2313 subiiciunt
341 2263 417 2319 epulis
428 2263 470 2319 (sic
480 2263 590 2318 Iuppiter
598 2263 649 2318 ipse
660 2262 790 2319 monebat),

201 2334 227 2380 et
237 2332 334 2381 Cereale
345 2331 422 2379 solum
433 2330 512 2386 pomis
522 2331 657 2387 agrestibus
667 2332 766 2387 augent.

202 2400 356 2456 Consumptis
365 2400 404 2447 hic
415 2399 479 2447 forte
489 2398 542 2445 ahie
552 2401 581 2446 ut
590 2400 685 2447 vertere
696 2414 792 2445 morsus

201 2471 313 2525 exiguam
321 2469 347 2515 in
358 2469 469 2516 Cererem
480 2467 583 2522 penuria
592 2467 673 2522 adegit
682 2467 776 2524 edendi,

249 2536 318 2585 (²70)
