1972 3164
448 161 470 198 P.
488 160 607 199 VERGILI
624 160 753 199 MARONIS

264 259 373 314 experiar
382 273 465 305 sensus
475 278 481 314 ;
496 258 557 305 nihil
566 258 606 305 hic
616 259 661 304 nisi
671 260 780 305 carmina
789 259 885 306 desunt.

292 327 380 375 Ducite
398 327 428 374 ab
447 327 506 373 urbe
524 327 630 382 domum,
648 343 701 372 meu
721 328 836 383 carmina,
857 328 939 375 ducitc

320 396 450 452 Daphnim.

264 465 379 512 Carmina
388 463 426 511 vel
436 463 501 511 caelo
512 466 613 518 possunt
623 464 740 510 deducere
751 464 859 519 Lunam;

227 551 252 588 70
263 532 409 579 carminibus
420 531 488 579 Circe
499 531 575 578 socios
585 531 690 578 mutavit
701 531 768 578 Ulixi
777 551 782 587 ;

262 600 366 656 frigidus
375 601 400 646 in
410 600 487 655 pratis
497 600 618 646 cantando
627 599 750 654 rumpitur
760 601 855 656 anguis.
872 597 874 602 ’

291 668 379 715 Ducite
398 667 429 714 ab
445 667 505 713 urbe
526 667 630 721 domum,
650 682 703 713 mee
720 669 836 723 carmina,
856 669 937 716 ducite

319 735 450 790 Daphnim.

263 805 343 850 'Perna
352 803 398 850 tibi
407 803 466 851 haec
475 805 580 859 primum
591 804 681 859 triplici
691 805 786 852 diversa
796 805 874 851 colore

261 871 318 919 licia
327 871 457 927 circumdo,
469 874 554 927 terque
564 872 622 918 haec
633 872 722 918 altaria
732 872 821 919 circum

261 940 362 996 effigiem
372 940 447 995 duco;
461 955 562 987 numero
572 940 630 986 deus
640 940 732 994 impure
742 941 840 996 gaudet.

291 1008 378 1055 Ducite
397 1008 428 1055 ab
443 1007 503 1054 urbe
522 1008 629 1064 domum,
647 1023 700 1053 mea
720 1008 835 1064 carmina,
854 1008 935 1055 ducite

318 1074 450 1131 Daphnim.

262 1144 339 1192 Necte
348 1143 427 1190 tribus
437 1144 505 1190 nodis
515 1145 605 1202 ternos,
616 1145 744 1202 Amarylli,
756 1144 844 1191 colores
854 1163 860 1201 3

261 1214 339 1270 necte,
350 1211 478 1269 Amarylli,
489 1212 559 1259 modo
571 1215 596 1260 et
607 1214 622 1234 “
633 1214 732 1261 Veneris
740 1213 755 1231 '’
767 1212 805 1258 dic
816 1213 831 1233 “
840 1210 937 1259 vincula

317 1281 415 1330 necto.''

291 1349 380 1398 Ducite
395 1351 426 1398 ab
445 1351 504 1399 urbe
524 1353 629 1406 domum,
646 1366 699 1398 mea
719 1350 835 1405 carmina,
856 1347 936 1395 ducite

318 1419 449 1474 Daphnim.

226 1488 251 1526 80
262 1486 346 1533 Limus
356 1488 385 1533 ut
395 1488 434 1536 hic
443 1489 558 1545 durescit,
569 1490 593 1536 et
604 1489 663 1535 haec
672 1489 701 1534 ut
711 1502 767 1535 cera
776 1485 888 1541 liquescit

261 1568 311 1601 uno
320 1554 448 1611 eodemque
458 1556 517 1613 igni,
528 1556 562 1604 sie
571 1557 655 1602 nostre
665 1555 775 1611 Daphnis
785 1569 874 1600 amore.

262 1620 490 1680 scenendune
500 1623 599 1680 fragiles
606 1624 706 1671 incende
714 1622 832 1670 bitumine
842 1621 933 1667 laurus.

262 1688 373 1744 Daphnis
389 1705 427 1738 me
446 1691 524 1738 malus
544 1691 603 1748 urit,
621 1707 665 1747 ego
681 1692 744 1738 hanc
763 1691 788 1737 in
807 1688 934 1745 Daphnide

322 1758 426 1807 laurum.

294 1827 382 1875 Ducite
398 1828 429 1874 ab
445 1828 505 1875 urbe
524 1829 630 1885 domum,
646 1844 700 1875 mea
719 1827 834 1882 carmina,
855 1825 935 1871 ducite

258 1891 261 1896 ’
318 1896 449 1952 Daphnim.

262 1965 328 2012 Tulle
338 1979 406 2012 amor
415 1965 547 2023 Daphnim,
558 1965 635 2021 qualis
646 1981 700 2013 cum
710 1965 776 2011 fessa
784 1964 911 2009 iuvencum

262 2048 305 2090 per
314 2048 412 2080 nemora
421 2036 494 2089 atque
503 2033 565 2080 altos
576 2034 711 2089 quaerendo
720 2031 809 2079 bucula
818 2030 884 2076 lucos
916 2089 918 2095 y

261 2104 362 2158 propter
371 2117 448 2158 uquae
457 2102 536 2149 rivum
546 2102 618 2148 viridi
627 2100 764 2158 procumbit
773 2099 799 2145 in
809 2097 874 2152 ulva,

261 2171 365 2228 perdita,
375 2186 419 2218 nec
429 2186 496 2218 serae
505 2170 615 2217 meminit
625 2170 737 2217 decedere
747 2166 821 2223 necti,

261 2239 318 2286 talis
328 2255 396 2286 amor
405 2240 495 2295 teneat,
505 2254 549 2286 nec
560 2239 592 2285 sit
601 2237 661 2284 mihi
670 2252 729 2285 cura
738 2234 836 2282 mederi.

225 2323 250 2360 90
291 2307 381 2355 Ducite
398 2307 428 2355 ab
444 2307 503 2352 urbe
523 2307 628 2362 domum,
646 2321 700 2351 mea
719 2302 835 2358 carmina,
854 2302 934 2348 ducite

321 2376 451 2432 Daphnim.

261 2445 315 2491 Has
325 2444 382 2491 elim
392 2442 490 2490 exuvias
500 2442 559 2488 mihi
569 2441 674 2496 perfidus
684 2441 724 2488 ille
735 2439 839 2494 reliquit,

309 2511 318 2559 (
328 2525 349 2560 32
359 2512 368 2559 )
