1972 3164
406 171 556 212 GEORGIOA.
581 173 616 212 111

123 289 161 325 400
172 264 243 324 Quod
254 266 368 322 surgente
378 264 416 313 die
426 264 531 313 mulsere
539 264 651 321 horisque
661 264 763 325 diurnis,

171 336 242 383 nocte
252 336 381 392 premunt3
396 335 517 390 quodiam
527 334 634 382 tenebris
644 336 669 381 et
679 335 728 382 sole
737 335 847 393 cadente,

172 404 217 452 sub
226 403 306 452 lucem
316 405 445 459 exportant
452 403 636 450 calathis-adit
642 403 732 460 oppida
737 405 849 459 pastor-

172 474 216 521 aut
226 488 301 529 parco
311 472 360 518 sale
370 471 515 528 contingunt
524 470 643 527 hiemique
653 474 784 527 reponunt.

199 541 253 589 Nee
262 540 308 587 tibi
317 555 376 587 cura
385 555 472 586 canum
482 540 558 587 fuerit
568 542 699 597 postrema,
710 541 752 587 sed
761 556 812 586 una

171 609 265 657 veloces
276 609 379 665 Spartae
388 609 481 655 catulos
491 624 618 664 acremque
627 609 760 656 Molossum

172 693 244 734 pasce
254 692 308 724 sero
317 676 410 733 pingui.
439 676 578 733 Numquam
588 677 726 724 custodibus
736 677 784 724 illis

172 748 320 793 nocturnum
331 744 433 791 stabulis
443 744 522 792 furem
531 745 688 802 incursusque
698 745 811 801 lnporum

173 816 218 861 aut
227 814 360 870 impacatos
371 829 386 859 a
395 814 464 869 tergo
473 813 580 860 horrebis
590 815 703 861 Hiberos.

174 883 251 938 Saepe
260 882 335 929 etiam
345 897 417 928 cursu
426 881 523 928 timidos
533 881 635 938 agitabis
645 897 756 939 onagros,

125 974 162 1010 410
173 952 199 998 et
209 950 308 998 canibus
318 950 432 1007 leporem,
443 949 541 996 canibus
551 951 670 998 venabere
680 951 802 1006 dammas3

173 1034 245 1075 saepe
255 1018 388 1066 volutabris
398 1018 478 1074 pulsos
489 1018 638 1066 silvestribus
647 1034 719 1075 apros

172 1089 269 1135 latratu
277 1086 388 1133 turbabis
398 1102 479 1143 agens,
490 1090 630 1144 montesque
640 1103 684 1144 per
694 1087 757 1134 altos

172 1157 298 1212 ingentem
308 1154 412 1202 clamore
422 1171 515 1211 premes
525 1157 556 1203 ad
566 1157 629 1204 retia
639 1172 745 1203 cervum.

202 1224 275 1271 Disce
285 1225 310 1270 et
319 1224 444 1270 odoratam
455 1224 556 1271 stabulis
565 1224 695 1288 escendere
705 1223 812 1276 cedrum,

173 1293 339 1352 galbaneoque
349 1292 444 1350 agitare
453 1307 539 1349 graves
549 1293 633 1339 nidore
644 1292 777 1347 chelydros.

174 1362 253 1417 Saepe
263 1360 307 1407 sub
316 1360 422 1407 immotis
432 1360 587 1416 praesepibus
598 1362 641 1407 aut
652 1359 717 1406 mala
726 1360 796 1405 tactu

173 1430 260 1486 vipera
269 1429 364 1476 delituit
374 1429 513 1485 caelumque
523 1428 641 1475 exterrita
650 1427 715 1484 fugit

174 1500 220 1546 aut
230 1499 296 1545 tecto
305 1499 415 1544 assuetus
425 1497 522 1544 coluber
532 1497 659 1544 succedere
669 1497 694 1542 et
704 1496 813 1554 umbrae,

176 1568 252 1624 pestis
262 1566 348 1612 acerba
357 1565 438 1621 boum,
449 1565 572 1621 pecorique
583 1579 711 1620 aspergere
721 1564 795 1622 virus,

127 1652 165 1688 420
176 1636 241 1683 fovit
250 1635 360 1681 humum.
390 1635 455 1690 Cape
465 1649 524 1680 saxa
533 1649 615 1690 manu,
627 1648 685 1688 cape
695 1633 790 1690 robora,
799 1650 852 1690 pas-

233 1705 281 1760 tor,

175 1772 349 1827 tollentemque
359 1771 437 1819 minas
447 1775 473 1819 et
482 1771 552 1819 sibila
561 1771 623 1819 colla
633 1772 768 1818 tumentem

175 1841 259 1890 deiice.
290 1841 389 1896 Iamque
399 1840 460 1897 fuga
468 1841 580 1887 timidum
591 1841 665 1895 caput
674 1839 767 1886 abdidit
776 1838 835 1895 alte,

175 1927 233 1958 cum
243 1909 315 1956 medii
324 1924 400 1956 nexus
411 1911 578 1965 extremaeque
587 1907 686 1964 agmina
695 1908 785 1954 caudae

175 1978 314 2034 solvuntur,
325 1978 453 2032 tardosque
463 1977 540 2024 trahit
550 1977 617 2023 sinus
626 1975 727 2022 ultimus
737 1975 815 2022 orbes.

176 2047 226 2094 Est
235 2046 309 2093 etiam
319 2046 359 2092 ille
369 2046 447 2092 malus
457 2045 565 2093 Oelabris
575 2044 710 2091 insultibus
720 2043 815 2099 anguis,

175 2129 293 2170 squamea
302 2114 445 2162 convolvens
456 2113 552 2160 sublato
561 2113 658 2168 pectore
666 2113 737 2167 terga

176 2185 251 2238 atque
261 2182 325 2229 notis
334 2182 432 2238 longam
442 2181 577 2228 maculosus
587 2178 719 2236 grandibus
729 2177 819 2233 alvum,

176 2250 228 2307 qui,
239 2251 297 2296 dum
307 2265 390 2297 amnes
400 2250 443 2296 ulli
452 2250 601 2304 rumpuntur
608 2246 717 2293 lontibus
727 2247 752 2291 et
762 2244 820 2290 dum

177 2334 236 2365 vere
245 2319 345 2365 madent
354 2319 402 2365 udo
411 2320 492 2365 terrae
501 2331 530 2363 ac
540 2315 686 2372 pluvialibus
695 2312 794 2368 austris,

130 2402 168 2438 ⁴30
178 2389 269 2443 stagna
280 2387 345 2444 colit,
355 2387 460 2442 ripisque
470 2384 584 2431 habitans
593 2382 633 2428 hic
642 2380 746 2437 piscibus
756 2381 836 2426 atram

227 2523 284 2574 (87)
350 2474 386 2506 402.
407 2467 588 2512 ‘exportans’conj.
597 2465 687 2506 Scaliger.
