1972 3164
409 155 519 196 AENEIS.
545 158 578 196 lx

166 252 270 300 Crethea
279 253 408 300 Musarum
418 254 537 311 comitem,
548 255 587 302 eui
597 255 704 302 carmina
713 271 806 311 semper

165 323 191 368 et
200 322 307 368 citharae
317 322 392 378 cordi,
403 337 561 378 numerosque
570 322 694 371 intendere
704 324 784 370 nervis
794 343 800 380 ;

166 405 260 446 semper
274 405 346 446 equos
360 392 432 445 atque
445 406 515 437 arma
523 391 603 437 virum
617 407 757 450 pugnasque
771 407 839 440 eane-

221 458 272 505 bat.

195 528 304 574 Tandem
314 529 425 577 ductores
432 528 516 576 audita
525 529 597 576 caede
607 544 704 576 suoram

166 597 312 644 conveniunt
322 598 418 656 Teucri,
429 599 571 646 Mnestheus
581 613 681 654 acerque
692 599 811 656 Serestus,

122 669 156 716 780
167 665 324 722 palantesque
333 667 417 715 vident
426 668 500 716 socios
510 668 649 723 hostemque
658 669 791 724 receptum.

166 736 201 782 Et
217 735 359 783 Mnestheus
370 735 438 792 ‘Quo
447 736 532 784 deinde
546 737 696 794 fugamque
708 737 808 785 tenditis
815 737 838 784 θ’

221 803 308 861 inquit,

167 870 240 927 ‘quos
250 872 310 920 elios
320 888 410 931 muros,
421 890 482 930 qaae
491 874 539 921 iam
550 874 617 922 ultra
626 874 719 922 moenia
728 874 841 922 habetis?

168 941 238 988 Unus
247 940 318 989 homo
327 944 352 990 et
362 944 457 1001 vestris,
468 943 563 1001 ocis-es,
574 944 678 1000 undique
688 944 787 999 saeptus

167 1011 295 1068 aggeribus
304 1013 387 1059 tantas
397 1015 492 1070 strages
501 1013 599 1070 impune
609 1029 652 1069 per
661 1012 746 1060 urbem

167 1079 285 1126 ediderit?
303 1080 416 1128 iuvenum
426 1082 516 1137 primos
525 1083 564 1129 tot
573 1081 665 1129 miserit
676 1081 753 1128 Oreo?

167 1162 216 1194 non
225 1147 326 1195 infelicis
336 1150 430 1205 patriae
440 1152 595 1205 veterumque
604 1150 703 1198 deorum

168 1217 193 1263 et
203 1217 285 1272 magni
294 1217 398 1275 Aeneae,
410 1234 503 1275 segnes,
514 1218 659 1273 miseretque
669 1218 807 1274 pudetque?

169 1285 270 1332 Talibus
280 1286 374 1333 accensi
383 1287 513 1333 firmantur
522 1288 547 1333 et
556 1286 652 1342 agmine
662 1288 735 1335 denso

169 1354 312 1402 consistunt.
341 1355 439 1401 Turnus
449 1354 566 1410 paulatim
576 1355 689 1403 excedere
699 1373 781 1414 pugna

122 1441 159 1480 790
170 1424 195 1470 et
206 1423 305 1469 fluvium
315 1424 397 1478 petere
407 1439 435 1470 ac
445 1425 548 1480 partem,
558 1438 619 1478 quae
629 1424 735 1482 cingitur
744 1426 823 1482 unda;

169 1491 249 1539 acrius
259 1490 304 1539 hoo
315 1491 403 1538 Teucri
412 1491 515 1539 clamore
525 1491 662 1539 incumbere
672 1509 767 1551 magno,

169 1562 195 1607 et
208 1559 341 1615 glomerare
351 1574 458 1606 manum.
489 1558 539 1606 Cea
549 1575 647 1606 saevum
657 1561 731 1608 turba
740 1562 834 1609 leonem

170 1643 225 1676 oum
235 1628 289 1675 telis
299 1628 388 1684 premit
398 1628 506 1684 infensis,
517 1629 653 1676 atterritus
663 1629 712 1687 ille,

169 1712 247 1753 asper,
259 1697 345 1744 acerba
354 1699 433 1754 tuens,
443 1700 510 1744 retro
519 1697 590 1754 redit,
601 1699 626 1744 et
636 1713 711 1754 neque
722 1701 792 1757 terga

168 1765 208 1812 ira
217 1765 274 1812 dare
284 1767 328 1812 aut
338 1765 418 1812 virtus
425 1766 528 1823 patitur,
539 1781 583 1813 nec
592 1767 691 1814 tendere
702 1769 788 1815 eontra

169 1835 210 1881 ille
220 1835 314 1890 quidem
324 1835 368 1882 hoc
379 1835 476 1890 capiens
486 1835 549 1891 potis
559 1837 596 1882 est
606 1851 650 1891 per
659 1837 710 1884 tela
718 1837 842 1894 virosque:

169 1903 235 1951 haud
244 1903 315 1950 aliter
324 1904 390 1950 retro
400 1902 486 1950 dubius
496 1904 596 1960 vestigia
606 1904 703 1951 Turnus

170 1970 334 2027 improperata
343 1972 427 2028 refert,
438 1973 463 2018 et
473 1987 539 2018 mens
550 1974 675 2019 exaestuat
685 1972 730 2020 ire.

172 2039 236 2096 Quin
245 2040 319 2087 etiam
328 2041 365 2086 bis
375 2043 427 2086 tum
438 2040 526 2087 medios
536 2041 659 2087 invaserat
669 2040 759 2097 hostes,

123 2119 161 2157 800
170 2109 207 2155 bis
218 2109 316 2156 confusa
326 2109 386 2165 fuga
396 2125 438 2164 per
447 2124 529 2155 muros
539 2109 637 2166 agmina
644 2108 732 2164 vertit;

173 2178 215 2225 sed
225 2194 311 2225 manus
321 2193 334 2224 e
344 2178 430 2224 castris
440 2192 541 2233 propere
551 2177 599 2223 coit
609 2176 685 2222 omnis
696 2176 722 2222 in
731 2191 816 2241 unum,

172 2262 216 2294 nee
226 2249 313 2294 contra
322 2247 385 2292 vires
396 2246 469 2292 audet
480 2245 596 2291 Saturnia
606 2245 669 2290 Iuno

172 2315 290 2369 suffioere;
307 2314 397 2360 a'o'riem
407 2314 472 2360 caelo
481 2328 538 2359 nam
548 2312 659 2368 Iuppiter
668 2312 727 2359 Irim

171 2383 267 2431 demisit
277 2397 407 2439 germanae
417 2381 482 2427 haud
492 2381 574 2427 mollia
583 2381 648 2428 iussa
656 2381 783 2437 ferentem,

172 2452 198 2499 ni
208 2453 306 2498 Turnus
317 2451 387 2499 cedat
397 2450 544 2497 Teucrorum
555 2449 677 2497 moenibus
687 2449 752 2496 altis.

219 2520 290 2570 (343)
