1972 3164
381 180 491 220 sauma.
516 181 558 220 XII

134 278 297 334 Ufentemque
307 277 374 334 Gyas
384 297 390 334 3
405 277 469 325 cadit
478 277 530 333 ipse
540 275 681 324 Tolumnius
691 292 777 333 augur,

133 348 226 404 primus
236 348 261 393 iu
271 346 384 393 adversos
393 347 470 393 telum
480 347 521 401 qui
530 346 636 392 torserat
646 346 735 391 hostes.

133 415 239 461 Tollitur
247 414 273 460 in
283 413 376 461 caelum
386 413 485 470 clamor,
495 414 605 468 versique
614 412 718 460 vicissim

133 481 304 538 pulverulenta
312 482 373 537 fuga
382 482 470 527 Rutuli
479 482 540 528 daut
549 483 621 538 terga
630 496 673 536 per
683 495 761 535 agros.

134 550 190 606 Ipse
199 565 277 605 neque
287 565 383 597 aversos
393 551 510 607 dignatur
519 552 627 597 atemere
636 548 717 604 morti,

133 634 178 666 uec
188 619 248 674 pede
257 634 397 675 congressos
407 634 483 674 aequo
492 634 536 665 nec
545 618 595 664 tela
603 618 709 665 ferentes

133 688 272 743 insequitur
282 708 287 734 ι
302 687 379 734 solum
389 687 463 734 densa
472 687 497 733 iu
507 687 608 744 caligine
618 687 728 733 Turnum

134 756 242 811 vestigat
251 755 368 811 lustrans,
379 755 456 802 solum
465 755 491 801 in
501 755 634 802 certamina
643 756 728 810 poscit.

136 824 192 871 Hoc
201 838 317 870 concussa
327 825 394 870 metu
404 826 508 870 mentem
518 823 623 870 Iuturna
631 824 715 880 virago

152 891 246 948 urigam
256 891 333 938 Turni
342 891 422 939 media
429 892 495 939 inter
504 892 556 939 lora
565 892 695 939 Metiscum

150 960 236 1017 scutit,
247 962 271 1006 et
281 960 353 1016 longe
362 960 457 1016 lapsum
467 963 563 1009 temone
572 960 670 1016 reliquit
680 982 686 1007 ε

133 1028 187 1084 ipsa
195 1028 261 1075 subit
271 1028 427 1084 manibusque
436 1030 557 1076 undantes
568 1029 644 1075 flectit
653 1028 768 1082 habenas,

122 1097 222 1144 'cuncta
231 1112 325 1154 gerens,
330 1112 459 1153 vocemque
468 1100 493 1144 et
499 1112 586 1151 corpus
594 1099 619 1143 et
628 1111 698 1141 arma
704 1094 808 1140 Metisci.

134 1163 212 1219 Nigra
222 1165 289 1211 velut
299 1180 400 1220 magnas
410 1164 501 1211 domiui
511 1179 566 1210 cum
576 1162 658 1208 divitis
668 1161 739 1208 aedes

135 1230 243 1287 pervolat
253 1233 278 1276 et
288 1232 374 1285 pennis
384 1231 436 1276 ulta
445 1231 509 1276 atria
517 1229 609 1275 lustrat
618 1229 730 1285 hirundo,

135 1297 226 1354 pabula
235 1312 311 1352 parva
320 1297 403 1352 legens
412 1297 520 1351 nidisque
529 1296 668 1350 loquacibus
677 1311 753 1352 escas,

126 1367 161 1413 *et
171 1380 236 1411 nuuc
245 1364 378 1419 porticibus
387 1364 477 1421 vacuis,
488 1379 553 1410 nunc
563 1365 645 1411 umida
655 1365 745 1412 circum

136 1434 225 1489 stagna
234 1434 305 1479 sonat
315 1452 321 1479 :
337 1430 420 1478 similis
430 1431 519 1479 medios
529 1433 634 1480 Iuturna
643 1449 687 1488 per
695 1434 777 1479 hostes

136 1502 217 1548 fertur
225 1500 302 1557 equis,
312 1500 443 1555 rapidoque
452 1500 535 1547 volans
545 1500 596 1547 obit
605 1502 686 1548 omnia
696 1516 778 1556 curru,

137 1569 232 1624 iamque
242 1568 429 1624 hicgermauum
438 1568 533 1624 iamque
539 1569 578 1616 hic
585 1571 692 1617 ostentat
698 1570 810 1616 ovantem

122 1652 182 1685 >nec
192 1637 302 1685 conferre
312 1652 411 1683 manum
421 1637 524 1693 patitur,
534 1637 600 1684 volut
610 1638 665 1685 avia
674 1638 753 1694 longe.

137 1707 213 1753 Haud
223 1705 302 1752 minus
311 1706 406 1752 Aeneas
415 1707 493 1752 tortos
503 1705 563 1764 legit
574 1706 656 1753 obvius
668 1707 744 1763 orbes,

137 1776 288 1830 restituatque
297 1773 376 1820 virum
387 1775 412 1820 et
421 1773 521 1822 disiecta
531 1790 574 1830 per
583 1775 681 1833 agmina
688 1791 777 1831 magna

137 1844 281 1890 voce-vocat.
312 1843 427 1899 Quotiens
437 1845 518 1892 oculos
528 1845 629 1892 coniecit
638 1844 664 1890 in
673 1845 776 1899 hostem,

163 1912 167 1920 '
188 1912 303 1968 „tumque
313 1912 397 1968 fugam
407 1928 481 1960 cursu
490 1914 620 1969 temptavit
630 1928 756 1968 equorum,

136 1994 232 2027 aversos
241 1981 332 2027 totiens
342 1996 426 2028 currus
438 1982 543 2028 Iuturna
552 1981 659 2028 retorsit.

138 2050 194 2096 Heu
203 2048 260 2103 quid
269 2051 345 2106 agat?
373 2048 449 2096 Vario
457 2049 602 2104 nequiquam
611 2047 716 2093 fluctuat
725 2046 804 2098 aestu,

137 2116 292 2170 diversaeque
300 2116 390 2161 vocant
399 2115 507 2159 animum
517 2114 543 2159 in
553 2113 675 2160 contraria
684 2125 764 2158 curae.

138 2182 204 2229 Huic
214 2182 349 2236 Messapus,
361 2180 398 2226 uti
406 2180 476 2226 laeva
485 2181 533 2227 duo
541 2180 604 2226 forte
614 2179 714 2236 gerebat

139 2249 207 2297 lenta
215 2249 275 2296 levis
285 2264 359 2295 cursu
368 2247 476 2302 praefixa
485 2247 584 2294 hastilia
593 2248 666 2302 ferro,

123 2339 130 2364 >
140 2318 227 2365 borum
238 2332 314 2363 unum
324 2317 390 2362 certo
399 2317 559 2370 contorquens
569 2315 652 2370 dirigit
661 2315 720 2361 ictu.

140 2387 257 2434 Substitit
267 2385 362 2431 Aeneas
370 2385 396 2430 et
405 2397 430 2429 se
440 2382 536 2440 collegit
545 2383 571 2429 in
581 2398 657 2439 arma,

139 2455 229 2510 poplite
240 2453 365 2501 subsidens
374 2471 380 2507 ;
396 2451 488 2506 apicem
497 2453 579 2498 tamen
589 2451 664 2499 incita
673 2465 792 2497 summum

187 2523 257 2572 (4¹9)
459 2530 492 2559 0²
