1972 3164
323 171 433 212 annale.
459 173 479 211 X

10 283 50 320 240
62 279 93 312 ne
103 265 189 313 eastris
198 266 311 323 iungant,
322 269 390 313 eerta
399 269 437 314 est
447 268 569 316 sententia
579 269 670 318 Turno.

62 333 141 392 Surge
150 350 195 391 age
205 337 230 382 et
240 334 338 380 Aurora
347 335 422 382 socios
432 336 544 383 veniente
553 339 635 384 voeari

62 403 155 458 primus
170 404 196 450 in
208 419 278 450 arma
292 403 348 451 iube
362 406 388 452 et
402 405 505 462 elipeum
516 421 582 463 eape,
593 421 663 461 quem
673 405 739 453 dedit

118 487 169 528 rpse

61 540 180 587 invictum
192 541 335 598 Ignipotens
345 543 418 598 atqde
428 557 483 590 oras
493 541 578 590 ambiit
587 558 655 591 auro.

62 609 177 656 Crastina
185 610 237 667 lux,
248 626 302 657 mea
311 611 332 657 si
341 626 390 658 non
399 612 471 658 irrita
480 612 546 658 dieta
555 612 657 670 putaris,

60 678 173 734 ingentes
183 678 291 726 Rutulae
301 680 420 735 spectabit
430 680 509 727 caedis
519 681 634 729 acervos!

62 745 175 803 Dixerat,
185 748 210 794 et
220 747 308 795 dextra
315 749 439 796 discedens
448 748 546 804 impulit
555 749 632 796 altam

61 813 128 860 haud
137 814 224 870 ignara
233 816 297 863 medi
307 816 407 872 puppim
418 837 424 864 ι
438 816 503 873 fugit
512 817 556 864 illa
565 833 609 873 per
618 819 696 864 andan

62 881 128 929 oeior
137 886 162 929 et
171 883 250 931 iaculo
259 886 285 931 et
294 887 379 932 ventos
389 887 507 941 aequante
517 884 616 942 sagitta.

63 951 124 997 Inde
134 951 194 999 aliae
204 952 312 1000 celerant
322 969 416 1000 eureus.
447 953 537 1009 Stupet
546 954 636 1001 inseins
644 955 697 1011 ipse

11 1035 54 1072 250
64 1019 126 1065 Τιοι
136 1020 293 1069 Anchisiades
302 1041 308 1078 ;
323 1023 415 1069 animos
425 1027 508 1069 tamen
518 1022 598 1069 omine
607 1022 681 1070 tollit.

63 1087 127 1134 Tum
136 1088 242 1137 breviter
252 1105 339 1146 supera
348 1093 476 1146 aspectans
486 1105 593 1138 convexa
602 1093 717 1146 precatur
726 1113 731 1139 ι

63 1155 70 1177 ⁴
81 1155 155 1202 Alma
164 1173 251 1213 parens
262 1159 335 1206 Idaea
344 1159 425 1214 deum,
436 1158 476 1205 eui
485 1158 609 1213 Dindyma
618 1159 684 1205 cordi

62 1224 245 1280 turrigeraeque
255 1226 327 1273 nrbes
336 1226 459 1282 biiugique
467 1226 499 1272 ad
513 1225 585 1272 trena
593 1225 682 1282 leones,

62 1294 92 1339 tu
102 1292 162 1338 mihi
171 1309 235 1340 nune
245 1309 341 1349 pugnae
351 1294 471 1350 princeps,
481 1296 511 1340 tu
520 1293 568 1340 rite
578 1293 726 1349 propinques

62 1361 193 1416 augurium
204 1361 388 1417 Phrygibusque
397 1361 461 1408 adsis
471 1361 539 1419 pede,
546 1361 609 1418 diva,
617 1363 739 1412 seeundo!

63 1428 172 1475 Tantum
182 1429 279 1476 effatus.
310 1430 345 1477 nt
353 1429 448 1477 interea
457 1430 569 1477 revoluta
577 1429 665 1476 ruebat

62 1499 162 1544 matura
171 1496 220 1543 iam
230 1497 284 1544 luee
293 1497 343 1544 dies
353 1498 495 1554 noctemque
506 1498 621 1556 fugaratr

62 1566 182 1623 principio
192 1565 261 1613 sociis
270 1565 352 1623 edicit,
362 1566 433 1623 sigua
442 1568 575 1622 sequantur

63 1636 137 1690 atque
147 1635 240 1681 animos
249 1636 335 1690 aptent
346 1635 419 1682 armis
429 1650 570 1692 pugnaeque
580 1636 668 1690 parent
677 1648 711 1681 se.

12 1711 54 1751 260
63 1704 164 1759 Iamque
173 1703 199 1750 in
209 1705 339 1759 conspeetu
348 1704 453 1750 Teucros
463 1703 536 1750 habet
546 1706 571 1750 et
580 1718 626 1750 sua
635 1704 725 1759 eastra,

64 1774 133 1819 stans
143 1772 206 1820 eelsa
215 1772 241 1818 in
251 1772 335 1829 puppi,
346 1772 450 1828 elipeum
460 1788 516 1820 eum
525 1771 611 1820 deinde
621 1770 722 1818 sinistra

64 1840 153 1888 extulit
163 1841 297 1888 ardentem.
328 1841 465 1889 Clamorem
474 1841 506 1889 ad
515 1841 594 1888 sidera
603 1840 695 1888 tollunt

64 1908 220 1956 Dardanidae
230 1925 243 1957 e
254 1909 338 1967 muris,
349 1924 404 1966 spes
413 1910 498 1958 addita
507 1910 609 1958 suscitat
618 1909 676 1965 iras,

63 1977 115 2024 tela
124 1993 199 2024 mauu
207 1978 299 2025 iaciunt
308 2000 313 2026 :
327 1979 411 2034 quales
421 1978 467 2026 snb
476 1978 581 2025 nubibus
590 1978 651 2024 atris

65 2046 217 2102 Strymoniae
221 2047 281 2094 dant
289 2047 359 2103 signa
364 2063 446 2105 grues,
452 2048 525 2103 atque
532 2046 633 2093 aethera
637 2046 740 2091 tranant

64 2129 120 2162 eum
131 2114 219 2171 sonitu,
229 2115 376 2173 fugiuntque
386 2117 457 2162 notos
467 2114 571 2161 elamore
581 2111 693 2159 seeundo.

64 2182 100 2228 At
110 2182 204 2230 Rutulo
213 2183 266 2239 regi
275 2182 423 2237 ducibusque
433 2196 463 2228 ea
472 2181 534 2227 mira
542 2180 620 2226 videri

64 2251 187 2307 Ausoniis,
198 2251 273 2298 donee
283 2266 365 2297 versas
375 2250 407 2297 ad
416 2249 489 2296 litora
498 2263 591 2304 puppes

66 2319 206 2376 respiciunt,
217 2321 344 2373 totumque
354 2316 427 2364 allabi
437 2315 553 2363 elassibus
562 2329 659 2370 aequor.

16 2407 56 2444 270
66 2388 145 2435 Ardet
154 2403 216 2443 apex
225 2387 309 2443 capiti,
320 2385 446 2441 cristisque
456 2401 472 2432 a
481 2384 571 2432 vertiee
581 2383 679 2430 flamma

65 2456 187 2512 funditur,
198 2456 223 2502 et
233 2456 316 2502 vastos
326 2453 399 2500 umbe
408 2453 485 2499 vomit
493 2466 581 2499 aureus
590 2451 657 2508 ignes
668 2471 673 2499 :

113 2523 184 2573 (3⁵3)
392 2531 408 2560 Μ
