1972 3164
477 192 552 233 enus

177 303 261 336 verum
271 289 354 346 istaec,
365 288 453 346 Minoe,
464 287 518 337 illos
528 287 645 338 scelerata
655 289 748 346 putavi,

177 357 198 404 ai
207 359 291 405 nostra
300 360 357 405 ante
367 358 452 414 aliquis
462 360 577 406 nudasset
586 358 684 406 foedera
693 374 771 415 casua,

176 425 293 482 facturos,
304 441 405 481 quorum
416 426 516 482 direptis
526 427 649 474 moenibus
659 426 734 484 urbia,

177 509 245 550 oego
255 495 365 551 crudelia,
376 494 474 542 flamma
484 495 584 543 delubra
594 496 681 551 petiri;

177 563 202 609 te
212 577 269 609 vero
279 563 369 610 victore
379 563 445 618 priua
455 562 493 610 vel
503 563 582 610 sidera
591 577 676 610 carana

178 630 305 677 mutatura
314 646 377 687 euos,
389 646 461 686 quam
470 633 496 678 te
505 631 565 678 mihi
574 632 635 679 talia
644 633 730 687 captae

178 697 301 744 facturum
311 699 394 746 metui.
424 699 473 746 iam
483 700 532 747 iam
542 700 619 748 aeelus
628 700 709 747 omnia
717 699 799 746 vineit.

178 768 221 813 ten
231 781 275 823 ego
285 767 340 822 plur
349 768 429 823 patrio
439 768 511 814 dilexi
521 768 617 823 perdita
625 771 716 825 regno?

179 835 222 882 ten
232 837 293 891 ego?
306 851 351 883 nea
361 836 459 892 mirum,
469 837 541 883 vultu
550 837 651 892 deceptu
660 837 741 892 puella

132 922 169 959 43⁰
180 904 209 950 ut
219 903 276 959 vidi,
287 906 315 951 ut
325 904 399 959 perii!
417 906 446 951 ut
455 919 493 952 me
503 905 581 952 mulus
591 905 693 951 abstulit
702 909 782 953 error!

180 987 229 1018 non
238 971 348 1027 equidem
357 987 387 1020 ex
395 972 443 1019 isto
452 973 547 1028 speravi
557 988 655 1028 eor-pore
665 988 734 1028 posse

179 1039 230 1086 tale
237 1040 328 1087 mulum
337 1041 412 1098 nasei,
422 1040 515 1088 formae
524 1040 563 1088 vel
573 1041 651 1088 sidere
659 1040 721 1086 falli.

181 1123 219 1155 me
228 1123 277 1155 non
287 1109 377 1157 deliciis
387 1110 516 1156 commovit
525 1109 593 1165 regia
602 1109 678 1164 dives,

181 1176 273 1224 curalio
282 1183 342 1224 diver
351 1177 434 1232 fragili
444 1178 469 1224 et
478 1176 605 1223 lacrimem
613 1176 711 1231 electro,

181 1259 219 1291 me
228 1259 277 1291 non
286 1244 398 1292 florentes
408 1243 502 1298 aequali
511 1258 610 1299 corpore
620 1243 748 1299 nymphae,

181 1327 230 1359 non
240 1313 318 1358 metus
328 1311 457 1358 incendens
467 1311 547 1366 potuit
556 1311 661 1358 retinere
671 1311 778 1358 deorum.

181 1380 262 1427 omnia
271 1379 329 1426 vicit
339 1394 408 1426 amor
417 1399 423 1426 ε
438 1379 494 1435 quid
504 1379 567 1426 enim
577 1394 626 1425 non
633 1378 740 1426 vinceret
750 1378 804 1425 ille?

182 1463 230 1494 non
240 1447 299 1494 mihi
308 1447 356 1493 iam
367 1447 451 1504 pingui
461 1447 584 1494 sudabunt
594 1448 704 1502 tempora
714 1446 821 1503 myrrha,

182 1516 292 1572 pronuba
301 1530 345 1563 nec
355 1517 433 1562 eustos
443 1515 557 1563 aceendet
567 1515 638 1570 pinna
647 1515 757 1570 honores,

136 1604 173 1640 440
183 1599 227 1632 nee
237 1583 310 1639 Libys
320 1583 420 1639 Assyrio
429 1584 553 1630 sternetur
563 1581 665 1629 lectulus
676 1583 749 1629 oatro.

183 1667 246 1698 vana
252 1665 352 1706 queror:
368 1665 398 1698 ne
408 1650 585 1706 tuillaquidem
591 1649 723 1697 eommunia
734 1649 857 1696 alumnam

182 1719 293 1767 omnibus
302 1718 392 1765 iniecta
400 1719 474 1766 tellus
483 1717 615 1765 tumulabis
626 1717 724 1765 harena.

182 1804 238 1837 men
248 1788 311 1834 inter
320 1789 411 1834 matres
420 1787 587 1843 ancillariaque
597 1786 707 1842 maritas,

183 1872 239 1905 men
247 1857 352 1904 famulas
362 1856 427 1904 inter
436 1857 584 1904 famularum
594 1871 694 1903 munere
704 1854 782 1911 fungi,

183 1926 291 1982 coniugia
301 1927 374 1981 atauo
384 1927 450 1981 tuae,
460 1940 623 1981 quaecumque
633 1924 680 1971 erit
690 1924 741 1979 illa,
751 1923 836 1969 beatae

182 2010 231 2042 non
241 1994 309 2041 licuit
319 1994 430 2050 gravidos
440 2009 513 2050 penso
522 1993 647 2040 devolvere
656 1991 740 2038 fusos?

183 2066 210 2110 at
219 2062 276 2108 belli
285 2062 371 2108 saltem
382 2062 503 2116 captivam
513 2061 566 2116 lege
575 2073 684 2106 necasses
694 2062 699 2104 !

184 2131 232 2177 iam
242 2130 306 2176 fesso
315 2128 414 2175 tandem
424 2128 523 2184 fugiunt
533 2128 562 2175 de
572 2141 670 2182 eorpore
680 2125 752 2181 vires,

185 2200 210 2245 et
220 2199 294 2252 eaput
303 2196 392 2242 inflexa
401 2196 494 2242 lentum
505 2195 595 2242 cervice
605 2192 732 2248 recumbit,

138 2288 175 2324 450
186 2279 321 2312 marmorea
330 2264 439 2310 adductis
449 2263 578 2310 tabescunt
587 2261 701 2309 bracchia
709 2261 786 2308 nodia.

186 2347 316 2388 aequoreae
326 2332 423 2387 pristes,
433 2330 540 2377 inmania
550 2344 650 2384 corpora
660 2329 737 2385 ponti,

187 2402 291 2457 undique
301 2399 448 2448 conveniunt
457 2401 482 2446 et
492 2399 579 2456 glauco
588 2400 613 2444 in
624 2398 719 2455 gurgite
729 2398 819 2445 circum

186 2470 284 2518 verbere
294 2469 427 2518 eaudarum
437 2470 509 2524 atque
518 2467 566 2515 oria
576 2466 722 2514 minitantur
732 2466 809 2513 hiatu.

236 2538 243 2587 (
254 2552 288 2588 471
299 2538 306 2589 )
