1972 3164
435 171 546 212 AENEIS.
572 173 595 212 II

176 261 267 321 luctus,
277 265 366 321 ubique
375 282 450 322 pavor
459 268 485 314 et
494 267 600 323 plurima
609 270 695 317 mortis
705 270 793 328 imago.

126 350 167 390 370
207 332 319 380 ‘Primus
329 349 363 390 se,
374 335 487 381 Danaum
497 351 587 392 magna
594 337 724 384 comitante
734 341 839 395 caterva,

176 400 320 458 Androgeus
330 402 402 448 offert
411 402 488 459 nobis,
499 403 563 450 socia
573 404 670 460 agmina
680 405 787 463 credens,

175 467 274 525 inscius,
286 470 358 524 atque
367 470 433 517 ultro
442 470 522 517 verbis
532 471 660 527 compellat
670 471 753 519 amicis
763 493 768 519 ε

141 543 143 546 ’
176 537 193 559 “
201 538 335 595 Festinato,
345 539 399 586 viri.
428 540 494 586 Nam
504 556 565 595 quae
575 543 627 588 tam
637 556 691 588 sera
700 543 811 589 moratur

175 607 308 664 segnities?
326 607 368 654 alii
376 609 476 664 rapiunt
485 608 584 656 incensa
592 609 722 665 feruntque

175 675 310 732 Pergama3
323 690 366 723 vos
375 676 444 723 celsis
454 692 518 724 nunc
525 677 628 732 primum
637 693 652 724 a
659 678 760 725 navibus
770 679 811 725 itis
818 679 849 726 ?’'

175 744 253 800 Dixit,
264 746 289 791 et
299 745 428 801 extemplo,
439 760 515 800 neque
525 745 589 792 enim
598 761 713 801 responsa
722 747 847 794 dabantur

174 812 223 859 fida
233 812 300 868 satis,
311 812 385 859 sensit
395 813 485 860 medios
495 812 607 868 delapsus
616 814 641 860 in
648 814 738 862 hostes.

175 881 308 940 Obstupuit
317 882 430 937 retroque
440 881 524 937 pedem
534 897 588 928 cum
598 897 655 930 voce
665 884 788 938 repressit.

174 949 338 1004 Improvisum
348 949 425 1004 aspris
434 949 510 996 veluti
519 950 560 1005 qui
570 949 677 996 sentibus
688 965 791 1006 anguem

124 1029 163 1078 380
174 1017 262 1072 pressit
272 1017 340 1064 humi
349 1018 439 1074 nitens,
450 1018 604 1073 trepidusque
614 1022 714 1074 repente
724 1019 816 1076 refugit

173 1085 325 1133 attollentem
334 1085 383 1132 iras
393 1089 418 1133 et
429 1086 525 1133 caerula
536 1086 598 1133 colla
608 1087 743 1133 tumentem
754 1107 759 1133 ι

174 1153 244 1201 haud
255 1169 322 1200 secus
332 1154 476 1210 Androgeus
486 1155 539 1201 visu
548 1154 706 1202 tremefactus
716 1155 807 1202 abibat.

173 1222 293 1269 Irruimus
303 1223 382 1269 densis
392 1225 417 1269 et
428 1223 646 1270 circumfundimur
655 1223 737 1280 armis,

172 1291 316 1347 ignarosque
324 1291 370 1338 loci
380 1292 469 1346 passim
480 1294 504 1339 et
514 1291 643 1338 formidine
654 1291 737 1345 captos

173 1359 317 1406 sternimus:
337 1359 430 1415 aspirat
441 1361 519 1416 primo
529 1359 640 1405 Fortuna
650 1358 734 1405 labori.

172 1427 253 1482 Amne
263 1427 302 1475 hic
312 1443 423 1475 successu
433 1428 558 1474 exsultans
569 1426 702 1481 animisque
713 1426 835 1474 Coroebus

172 1496 219 1543 “0
229 1496 293 1553 socii,
304 1512 352 1552 qua
364 1497 444 1552 prima
454 1497 469 1516 ’'
480 1495 559 1551 inquit
571 1495 586 1515 “
597 1494 698 1541 fortuna
707 1494 793 1541 salutis

171 1567 292 1612 monstrat
298 1565 353 1621 iter,
360 1579 452 1620 quaque
459 1564 565 1611 ostendit
572 1579 597 1609 se
604 1563 699 1618 dextra,
707 1577 848 1618 sequamur:

172 1635 294 1679 mutemus
304 1633 401 1690 clipeos,
412 1634 572 1687 Danaumque
581 1631 686 1687 insignia
695 1630 764 1677 nobis

123 1725 162 1762 390
171 1703 291 1757 aptemus.
320 1701 397 1748 Dolus
407 1717 440 1748 an
449 1701 536 1757 uirtus,
546 1700 598 1756 quis
609 1700 634 1746 in
643 1700 712 1746 hoste
721 1699 844 1755 requirat?

171 1770 250 1816 Arma
259 1769 351 1816 dabunt
361 1769 432 1824 ipsi.'’
463 1769 502 1816 Sic
512 1769 579 1815 latus
589 1768 674 1815 deinde
684 1769 821 1815 comantem

170 1838 294 1894 Androgei
303 1837 397 1894 galeam
407 1837 523 1893 clipeique
532 1836 626 1893 insigne
636 1838 748 1884 decorum

170 1907 288 1963 induitur,
298 1906 415 1962 laterique
424 1906 544 1962 Argivum
554 1905 719 1952 accommodat
729 1919 818 1951 ensem.

171 1976 226 2022 Hoc
236 1975 352 2031 Rhipeus,
362 1976 407 2021 hoc
415 1975 467 2030 ipse
477 1974 570 2030 Dymas
581 1973 703 2028 omnisque
712 1973 827 2019 iuventus

170 2044 237 2090 laeta
245 2043 305 2090 iacit
315 2062 321 2099 ;
341 2043 422 2098 spoliis
433 2057 457 2090 se
467 2043 566 2098 quisque
576 2042 712 2089 recentibus
722 2041 811 2087 armat.

170 2111 288 2159 Vadimus
298 2109 402 2156 immixti
412 2110 505 2156 Danais
515 2109 581 2156 haud
590 2109 688 2155 numine
697 2109 789 2163 nostro,

169 2179 294 2234 multaque
304 2194 348 2234 per
357 2194 453 2226 caecam
463 2177 584 2234 congressi
593 2176 684 2232 proclia
693 2175 789 2221 noctem

170 2247 324 2304 conserimus,
335 2247 424 2293 multos
435 2247 548 2293 Danaum
559 2244 708 2292 demittimus
719 2242 789 2288 Orco.

170 2315 312 2371 Diffugiunt
322 2315 363 2361 alii
373 2315 404 2361 ad
413 2329 487 2360 naves
498 2315 523 2360 et
532 2312 606 2358 litora
616 2326 688 2358 cursu

122 2409 159 2444 400
170 2383 220 2430 fida
229 2385 325 2439 petunt,
336 2398 391 2438 pars
401 2383 525 2439 ingentem
536 2379 663 2426 formidine
673 2375 741 2432 turpi

170 2451 290 2498 scandunt
299 2466 383 2497 rursus
392 2465 480 2506 equum
490 2450 515 2496 ct
525 2449 585 2494 nota
594 2446 731 2494 conduntur
740 2444 766 2490 in
775 2444 836 2490 alvo.

218 2519 227 2567 (
237 2518 289 2568 149)
