1972 3164
473 177 547 217 CIBIS

173 275 328 329 temptantur
337 273 431 329 patriae
441 274 564 320 submissis
574 273 671 321 vocibus
682 291 761 333 aures,

173 343 350 398 laudenturque
360 358 435 389 novae
446 343 511 398 pacis
521 343 598 399 bcna;
613 343 705 391 multus
715 344 811 400 ineptae

174 415 274 471 virginis
283 415 380 462 insolito
389 415 555 462 sermunculus
566 418 633 462 errat
642 415 668 461 in
678 431 727 463 erc.

173 499 238 531 nunc
247 485 351 530 tremere
360 483 475 530 instantis
484 484 541 530 belli
551 483 685 530 certamina
694 484 752 531 dicit

174 567 371 607 communemque
380 553 465 599 timere
475 553 555 609 deum,
566 568 631 599 nunc
638 553 702 610 regis
712 553 803 608 amicis,

125 625 162 673 360
172 619 266 674 iamque
276 620 322 675 ipsi
330 620 447 676 veritast;
460 621 545 667 orbum
556 621 598 667 flet
607 623 700 667 maesta
709 622 843 678 parentem,

172 703 227 735 cum
237 688 295 735 Iove
305 703 443 735 communes
453 689 493 744 qni
502 704 550 734 non
560 689 603 734 dat
613 688 700 735 habere
710 690 821 745 nepotem

172 772 237 803 nunc
246 756 320 803 etium
330 756 434 804 conficta
443 758 497 805 dolo
506 756 632 804 mendacia
640 757 708 812 turpi

172 824 265 872 invenit
274 826 300 872 et
309 825 392 872 divum
401 828 478 873 terret
488 825 617 873 formidine
627 825 689 872 cives
698 844 704 881 ;

171 908 236 939 nune
246 893 294 939 alia
303 908 333 940 ex
343 893 396 940 aliis
406 894 458 948 (nee
468 894 563 950 desunt)
573 893 654 940 omina
663 893 766 949 quaerit.

172 961 230 1016 quin
239 961 313 1009 etium
323 964 402 1008 castos
412 978 472 1009 ausa
481 965 518 1010 est
528 977 681 1017 eorrumpere
691 962 768 1017 vates,

171 1030 208 1084 ut,
220 1045 275 1077 enm
284 1045 354 1077 caesa
364 1031 403 1086 pic
413 1031 535 1078 cecidisset
545 1031 644 1077 victima
653 1028 727 1083 ferro,

171 1099 242 1153 esset,
253 1098 293 1152 qui
303 1113 418 1154 generum
429 1099 513 1144 Minoa
522 1097 661 1143 auctoribus
671 1095 734 1142 extis

171 1165 271 1222 iungere
281 1168 307 1211 ct
315 1166 433 1220 ancipites
443 1165 555 1211 suaderet
565 1164 650 1211 tollere
659 1177 762 1219 pugnum.

199 1233 235 1278 At
244 1233 336 1287 nutrix,
347 1233 432 1288 patula
442 1247 578 1288 conponens
588 1232 683 1278 sulfura
692 1232 765 1288 testa,

124 1315 160 1350 370
171 1300 304 1347 narcissum
315 1300 449 1354 casiamque
459 1300 545 1346 herbas
556 1299 683 1347 contundit
693 1299 794 1355 olentes,

170 1370 255 1424 terque
265 1383 359 1415 novena
368 1368 447 1425 ligans
457 1368 547 1423 triplici
556 1368 651 1415 diversa
660 1366 738 1414 colore

170 1437 212 1483 ffla
223 1437 276 1483 ‘ter
285 1436 311 1482 in
321 1436 439 1492 gremium
447 1437 554 1483 mecnm'
566 1436 644 1490 inquit
655 1434 757 1489 ‘despue
767 1434 844 1491 virgo,

170 1505 259 1560 despue
268 1507 315 1561 ter,
326 1504 395 1560 virgo
405 1524 410 1550 ι
427 1519 528 1551 numero
537 1505 595 1551 deus
605 1503 689 1558 inpare
698 1501 805 1558 gaudet!

169 1575 224 1621 inde
234 1572 288 1620 Iovi
297 1588 385 1629 magno
395 1574 519 1628 geminans
528 1572 626 1619 furialia
636 1586 712 1627 sacra,

170 1657 240 1689 sacra
249 1657 293 1689 nec
303 1641 382 1688 Idaeis
392 1641 477 1688 unibus
487 1656 531 1688 uec
541 1639 639 1696 cognita
649 1639 729 1694 Grais,

170 1709 259 1767 pergit,
270 1709 401 1765 Amyclaeo
411 1724 527 1765 spargens
535 1707 624 1755 altaria
633 1706 718 1762 thule,

170 1779 234 1834 regis
244 1777 353 1825 Iolciacis
363 1777 471 1824 animum
481 1777 584 1833 defigere
595 1776 665 1822 votis.

171 1862 254 1893 verum
264 1845 307 1892 ubi
316 1845 383 1893 nulla
393 1847 473 1893 movet
483 1846 593 1893 stabilem
603 1844 701 1890 fallacia
712 1844 807 1898 Nisum,

170 1930 214 1962 nec
224 1917 325 1970 possunt
336 1915 442 1961 homines
452 1930 496 1962 uec
505 1914 607 1970 possunt
616 1912 712 1959 flectere
722 1911 772 1958 divi

124 1991 159 2038 380
171 1985 251 2038 (tantu
261 1985 298 2030 cst
307 1983 333 2029 in
343 1997 418 2037 parvo
427 1983 515 2029 fiducia
524 1982 590 2028 crine
600 1980 718 2034 cavendi),

170 2066 255 2098 rursus
265 2051 295 2096 ad
305 2051 427 2104 inceptum
437 2050 525 2095 sociam
535 2064 560 2094 se
569 2048 650 2103 iungit
659 2046 780 2100 alumnae,

169 2133 365 2175 purpureumque
375 2119 446 2172 purat
456 2131 539 2162 rursus
548 2116 649 2162 tondere
658 2113 780 2170 capillum,

169 2190 221 2234 tam
231 2186 303 2243 longo
313 2185 424 2240 qnoniam
435 2185 519 2239 captat
529 2197 668 2230 succurrere
679 2181 762 2228 amori.

170 2270 218 2302 non
225 2254 304 2300 minus
310 2253 352 2300 illa
359 2254 441 2298 tamen
451 2251 547 2298 Rhuuci
554 2251 617 2306 qnod
623 2249 717 2296 moenia
724 2251 843 2305 crescunt,

171 2323 276 2381 gaudeat
287 2343 292 2369 :
308 2323 333 2368 et
343 2320 417 2367 cineri
426 2319 506 2375 patria
515 2321 552 2365 est
562 2318 667 2365 iucunda
677 2317 779 2372 sepulto.

199 2392 267 2446 Ergo
276 2391 365 2437 iterum
376 2388 450 2443 capiti
461 2387 542 2443 Scylla
551 2389 589 2434 est
599 2386 696 2432 inimica
705 2387 814 2441 paterno.

171 2463 224 2506 tum
234 2474 303 2506 coma
313 2457 411 2505 Sidonio
420 2457 508 2505 florens
518 2455 637 2504 deciditur
646 2456 720 2509 ostro,

219 2528 226 2573 (
236 2531 271 2578 469
281 2528 288 2575 l
