1972 3164
357 180 379 219 P.
392 179 512 221 VERGILI
525 179 656 222 NARONIS

72 328 80 338 ,
167 277 194 324 It
203 277 285 335 gravis
295 277 408 325 Aulestes
418 278 567 334 centenaque
576 278 666 326 arbore
676 277 778 326 fluctum

169 346 282 394 verberat
291 361 429 404 assurgens,
440 349 555 402 spumant
563 347 629 394 rada
638 362 760 395 marmore
769 362 842 396 remo.

170 415 245 462 Hunc
254 415 320 462 vehit
329 415 441 463 immanis
451 415 537 462 Triton
546 417 572 462 et
582 415 682 463 caerula
692 417 785 464 coneha

123 507 160 534 πο
170 486 297 532 exterrens
306 483 379 540 freta,
390 483 430 531 eui
439 483 545 531 laterum
555 485 628 531 tenus
637 484 736 541 hispida
744 485 814 532 nanti

170 552 238 600 frons
247 551 368 599 hominem
378 552 494 609 praefert,
504 552 531 599 in
540 552 638 608 pristim
648 553 739 600 desinit
748 553 831 601 alvus:

170 636 271 677 spumea
281 621 393 668 semifero
403 621 448 668 sub
457 623 554 676 pectore
564 623 706 668 murmurat
717 623 793 670 unda.

199 690 246 736 Tot
255 689 313 736 lecti
322 704 432 745 proceres
441 690 481 737 ter
490 689 558 737 denis
567 690 672 737 navibus
681 690 753 738 ibant

171 757 276 806 subsidio
286 758 372 805 Troiae
381 759 407 806 et
416 773 513 814 campos
523 758 581 804 salis
591 773 647 806 aere
657 760 783 807 secabant.

205 826 305 882 Iamque
315 826 365 873 dies
374 826 441 874 caelo
450 828 602 874 concesserat
610 825 724 883 almaque
734 843 810 876 curru

170 895 299 953 noctivago
308 894 404 942 Phoebe
413 895 519 942 medium
530 894 644 951 pulsabat
654 895 788 952 Olympum
798 917 805 944 ι

170 964 265 1010 Aeneas
276 963 361 1019 (neque
371 962 435 1010 enim
444 963 558 1010 membris
568 964 612 1011 dat
621 979 682 1012 cura
691 965 807 1022 quietem)

170 1032 222 1088 ipse
231 1032 317 1079 sedens
326 1032 467 1088 clarumque
477 1032 541 1090 regit
550 1033 657 1089 velisque
667 1033 801 1082 ministrat.

171 1101 253 1156 Atque
262 1100 298 1147 illi
307 1101 386 1148 medio
394 1100 420 1147 in
430 1101 509 1156 spatio
518 1101 606 1149 chorus
615 1117 670 1149 ecoe
679 1117 781 1150 suarum

124 1183 162 1210 220
172 1169 278 1216 ocem-rit
287 1169 403 1217 comitum
413 1190 419 1217 r
433 1170 569 1226 Nymphae,
579 1185 640 1226 quas
650 1171 716 1218 alma
725 1170 821 1228 Cybebe

171 1253 262 1286 numen
271 1238 360 1285 habere
369 1239 444 1286 maris
451 1239 624 1296 Nymphasque
633 1254 647 1286 e
656 1238 760 1286 naribus
769 1255 821 1288 esse

170 1306 283 1363 iusserat,
292 1306 412 1353 innabant
421 1307 515 1362 pariter
523 1307 659 1363 fluctusque
668 1308 792 1366 secabant,

171 1376 231 1431 quot
240 1375 307 1431 prius
316 1377 415 1423 aeratae
425 1377 547 1423 steterant
556 1376 587 1422 ad
596 1375 671 1423 litora
680 1391 777 1431 prorae.

171 1445 315 1500 Agnoscunt
324 1443 395 1500 longe
404 1459 487 1500 regem
496 1443 651 1499 lustrantwe
661 1444 764 1491 choreis.

172 1512 280 1568 Quarum
290 1527 351 1568 quae
361 1512 430 1560 fandi
438 1512 578 1560 doctissime
587 1512 738 1568 Cymodocea

172 1594 234 1636 pone
244 1595 344 1636 sequens
353 1581 441 1628 dextra
450 1580 550 1638 puppim
559 1582 635 1637 tenet,
646 1581 748 1636 ipsaque
757 1579 828 1628 dorso

171 1648 269 1706 eminet,
280 1663 309 1696 ao
318 1649 388 1696 laeva
396 1649 478 1696 tacitis
489 1649 639 1707 subremigat
647 1649 729 1705 undis,

171 1719 225 1764 tum
230 1718 263 1765 sio
270 1718 383 1774 ignarum
391 1717 535 1773 alloquitur:
547 1717 694 1775 ‘Vigilusue,
701 1717 774 1764 deum
781 1730 848 1773 gens,

172 1787 271 1834 Aenea?
284 1786 390 1843 vigilaci
399 1786 457 1833 velis
467 1786 573 1833 immitte
582 1786 706 1833 rudentes.

125 1869 162 1906 230
173 1856 224 1902 Nos
234 1871 317 1902 sumus
327 1855 414 1902 Idaeae
424 1869 492 1902 sacro
502 1855 532 1902 de
541 1854 632 1901 vertice
641 1853 721 1910 pinus,

173 1940 238 1971 nunc
248 1924 327 1980 pelugi
336 1922 474 1979 Nymphae,
481 1923 564 1970 classis
572 1923 624 1970 tua.
646 1922 758 1969 Perfidus
768 1922 796 1967 ut
806 1935 848 1967 uos

173 1993 315 2049 praecipites
325 1992 391 2039 ferro
400 1991 508 2037 Rutulus
517 1991 660 2046 flammaque
670 1990 806 2046 premebat,

172 2063 282 2117 rupimus
292 2061 382 2108 invitae
392 2063 437 2107 tua
445 2059 542 2106 vincula
551 2061 623 2115 teque
633 2074 677 2114 per
686 2074 777 2115 aequor

172 2131 316 2186 quaerimus.
336 2127 530 2175 HancGenetrix
539 2127 626 2175 faciem
632 2127 748 2173 miserata
755 2125 848 2182 reiecit,

171 2201 197 2246 et
207 2199 273 2246 dedit
283 2212 334 2245 esse
344 2198 400 2244 deas
410 2211 542 2251 aevumque
552 2196 645 2252 agitare
656 2195 701 2241 sub
710 2196 791 2242 undis.

172 2268 207 2314 At
218 2284 278 2323 puer
287 2265 405 2314 Ascanius
415 2280 485 2311 muro
494 2264 611 2320 fossisque
621 2265 718 2311 tenetur

172 2336 223 2383 tela
231 2336 296 2383 inter
306 2335 385 2382 media
394 2335 466 2389 atque
476 2333 601 2380 horrentes
612 2333 695 2379 Marte
705 2333 815 2380 Latinos.

172 2405 225 2450 Iam
235 2403 288 2451 loea
296 2403 362 2450 iussa
369 2403 437 2449 tenet
447 2401 507 2448 lorti
516 2401 651 2456 permixtus
657 2400 765 2447 Etrusco

173 2471 249 2518 Areas
259 2486 345 2526 eques:
359 2469 450 2516 medias
460 2469 508 2515 illis
518 2483 638 2524 opponere
647 2469 752 2523 turmas,

219 2539 227 2586 t
236 2550 270 2586 352
280 2537 288 2585 )
