1972 3164
429 184 540 225 sums.
565 185 585 224 X

169 279 298 337 continuit,
308 280 464 338 iuvenemque
474 281 549 329 animi
559 281 674 329 miserata
682 282 805 338 repressit.

170 347 274 394 Labitur
283 347 335 396 alta
344 364 427 397 secans
437 348 560 405 fluctuque
570 350 685 404 aestuque
695 348 806 406 secundo,

170 416 196 461 et
206 416 283 470 patris
293 417 418 474 antiquam
428 417 510 464 Dauni
520 417 631 464 defertur
639 417 671 463 ud
680 417 773 464 urbem.

199 482 235 531 At
244 485 308 532 Iovis
318 485 411 533 interea
420 485 518 533 monitis
528 485 664 533 Mezentius
673 485 761 532 ardens

122 563 161 612 690
171 553 278 599 succedit
287 569 383 610 pugnae
393 555 545 610 Teucrosque
554 554 647 601 invadit
657 555 765 601 ovantes.

172 620 328 668 Concurrunt
338 623 478 679 Tyrrhenae
487 623 550 670 acies
560 624 633 678 atoue
643 623 755 670 omnibus
764 621 816 678 uni,

170 688 215 734 uni
224 689 329 745 odiisque
339 691 391 738 viro
400 691 500 746 telisque
510 691 676 746 frequentibus
685 691 788 738 instant.

171 756 218 803 Ille
228 758 296 806 velut
304 774 387 815 rupes,
398 761 495 806 vastum
505 775 565 814 quae
575 761 656 816 prodit
665 760 691 806 in
700 775 797 816 aequor,

171 824 243 871 obvia
251 828 379 874 ventorum
388 827 459 874 furiis
469 830 614 884 expostaque
624 830 707 885 ponto,

171 894 221 940 vim
231 898 343 943 cunctam
356 899 428 952 atque
443 897 520 944 minas
534 897 627 953 perfert
642 897 749 953 caelique
762 897 846 944 maris-

230 979 284 1022 que,

171 1032 225 1088 ipsa
233 1032 335 1080 immota
344 1048 452 1089 manens,
462 1034 553 1089 prolem
564 1033 719 1082 Dolichaonis
733 1034 847 1081 Hebrum

172 1102 260 1149 sternit
270 1102 345 1159 humi,
356 1118 411 1150 cum
421 1118 467 1158 quo
477 1105 598 1160 Latagum
609 1104 768 1158 Palmumque
777 1103 848 1160 fuga-

229 1185 289 1227 cem,

173 1237 216 1286 sed
225 1238 346 1295 Latagum
356 1254 415 1286 saxo
425 1241 497 1294 atque
506 1239 600 1294 ingenti
609 1238 730 1295 fragmine
740 1239 829 1286 montis

172 1307 277 1361 occupat
286 1322 313 1353 os
322 1306 455 1361 faciemque
464 1307 600 1362 adversam,
611 1307 702 1362 poplite
713 1306 825 1353 Palmum

124 1396 163 1434 700
174 1374 267 1421 succiso
276 1374 340 1422 volvi
349 1389 446 1430 segnem
457 1374 522 1431 sinit,
533 1390 647 1430 armaque
657 1376 739 1422 Lauso

174 1443 249 1489 donat
258 1443 347 1490 habere
356 1443 446 1489 umeris
456 1444 482 1490 et
491 1443 582 1490 vertice
591 1443 664 1499 figere
675 1443 769 1491 cristas.

174 1511 285 1559 Necnon
295 1511 426 1558 Euanthen
432 1511 851 1569 Phrygium‚ParidisqueMimanta
877 1533 883 1545 ν

173 1580 299 1636 aequalem
308 1580 474 1637 comitemque,
485 1595 535 1627 una
544 1595 616 1635 quem
624 1582 696 1627 nocte
705 1579 806 1627 Theano

173 1649 199 1695 in
210 1649 288 1696 lucem
299 1648 403 1706 genitori
412 1649 504 1704 Amyco
514 1648 588 1706 dedit,
599 1650 625 1695 et
634 1648 687 1695 face
698 1663 836 1706 praegnans

174 1717 262 1766 Cisseis
271 1717 356 1773 regina
366 1717 441 1763 Parin
450 1719 517 1765 creat
527 1737 533 1764 ε
548 1717 608 1764 urbe
618 1718 721 1772 paterna

174 1786 284 1842 occubat,
294 1785 407 1842 ignarum
417 1786 525 1833 Laurens
535 1785 609 1832 habet
618 1800 662 1832 ora
671 1785 801 1831 Mimanta.

174 1853 212 1901 Ac
221 1854 289 1900 velut
298 1854 338 1901 ille
348 1869 436 1901 canum
445 1869 527 1901 morsu
537 1855 567 1901 de
576 1853 699 1901 montibus
708 1852 766 1900 altis

175 1924 245 1969 actus
256 1937 322 1979 aper,
333 1922 422 1968 multos
432 1922 537 1969 Vesulus
547 1937 617 1978 quem
628 1921 717 1976 pinifer
726 1935 803 1967 annos

174 1990 284 2038 defendit
293 1991 429 2046 multosque
439 1990 510 2047 palus
520 1990 661 2046 Laurentia,
672 1988 733 2035 silva

127 2080 165 2118 710
176 2061 261 2115 pastus
280 2059 440 2116 harundines,
454 2062 583 2115 postquam
596 2058 662 2104 inter
674 2056 738 2103 retia
750 2057 851 2102 ventum

232 2129 278 2185 est,

176 2197 287 2245 substitit
296 2195 469 2250 infremuitque
479 2195 549 2241 ferox
558 2195 583 2240 et
592 2191 714 2239 inhorruit
724 2205 814 2248 armos,

176 2281 221 2312 nec
231 2266 342 2320 cuiquam
352 2263 424 2311 irasci
434 2263 578 2318 propiusque
587 2259 700 2308 accedere
709 2259 797 2316 virtus,

176 2335 219 2382 sed
228 2333 312 2381 iaculis
322 2333 430 2388 tutisque
440 2330 524 2386 procul
534 2329 677 2377 clamoribus
687 2328 795 2384 instant;

176 2403 217 2451 ille
227 2405 310 2450 autem
320 2400 455 2457 impavidus
466 2400 548 2454 partes
558 2398 688 2444 cunctatur
697 2396 724 2442 in
733 2411 824 2452 omnes,

303 2487 339 2521 τοῦ.
361 2484 442 2519 ‘Parinz
454 2482 509 2517 Paris
515 2480 630 2522 urbs’couj.
638 2479 725 2521 Bentley.

225 2541 234 2590 (
244 2539 296 2588 ³⁶7)
