1972 3164
366 251 388 289 P.
401 248 521 290 VERGILI
533 248 635 289 MAllON
636 250 661 289 IS

128 354 165 402 480
177 344 282 394 crinibus
292 345 381 394 Iliades
391 346 468 404 passis
479 346 622 404 peplumque
632 339 756 405 ferebant

177 415 318 472 suppliciter
328 415 411 464 tristes
420 417 446 463 et
455 417 542 464 tunsae
552 417 651 472 pectora
660 415 748 472 palmis
758 437 764 463 ι

178 485 234 531 diva
243 484 293 532 solo
302 484 361 532 fixos
370 485 451 532 oculos
461 501 547 532 aversa
556 485 664 534 unebat.

178 556 226 602 Ter
235 554 325 602 circum
335 553 421 601 Iliacos
431 556 573 610 raptaverat
583 555 694 601 Hectora
706 564 789 600 muros

177 623 360 677 exanimumque
369 637 428 669 auro
437 638 523 678 corpus
533 622 653 670 vendebat
662 622 778 670 Achilles.

179 691 242 737 Tum
255 705 311 737 vero
320 690 443 746 ingentem
452 691 571 746 gemitum
580 691 624 738 dat
634 691 730 746 pectore
740 688 772 736 ab
780 688 839 747 imo,

178 759 207 805 ut
217 758 300 815 spolia,
311 759 340 804 ut
350 773 444 815 currus,
452 760 527 814 utque
536 757 616 814 ipsum
627 773 714 814 corpus
723 756 796 804 amici
854 764 856 769 '

178 827 363 882 tendentemque
373 842 459 874 manus
469 827 594 874 Priamum
604 826 728 882 conspexit
741 826 855 874 inermes.

180 894 210 942 Se
220 909 312 951 quoque
321 894 468 949 principibus
477 895 624 950 permixtum
634 894 734 951 agnovit
745 893 855 952 Achivis,

180 963 291 1018 ansque
301 961 363 1009 acies
374 963 399 1009 et
408 962 472 1018 nigri
481 963 618 1010 Memnonis
628 978 705 1010 arma.

131 1045 168 1083 490
180 1030 256 1077 Ducit
265 1030 440 1076 Amazonidum
449 1030 540 1077 lunatis
551 1032 649 1087 agmina
658 1029 730 1086 peltis

179 1097 333 1145 Penthesilea
342 1097 425 1145 furens
435 1098 565 1156 mediisque
575 1098 601 1145 in
610 1097 717 1144 millibus
726 1096 806 1152 ardet,

179 1180 254 1213 aurea
263 1164 406 1213 subnectens
416 1168 526 1214 exsertae
536 1166 634 1223 cingula
642 1180 771 1221 mammae,

179 1233 300 1291 bellatrix,
312 1234 500 1290 audemueviris
511 1249 654 1282 concurrere
664 1233 734 1290 virgo
856 1267 858 1271 .

208 1303 277 1350 Haec
286 1302 344 1349 dum
354 1303 478 1350 Dardanio
488 1304 584 1351 Aeneae
593 1303 705 1353 miranda
713 1301 838 1358 videntur,
856 1333 858 1340 ·

181 1371 239 1418 dum
247 1372 329 1426 stupet
338 1371 472 1427 obtutuque
482 1371 566 1419 haeret
576 1371 668 1418 defixus
677 1370 703 1417 in
711 1383 771 1426 uno,

180 1440 264 1496 regina
274 1439 305 1486 ad
314 1439 440 1496 templum,
451 1439 532 1486 forma
540 1438 704 1495 pulcherrima
713 1437 787 1494 Dido,

180 1508 278 1565 incessit
288 1523 377 1564 magna
386 1507 501 1555 iuvenum
511 1507 617 1564 stipante
627 1507 735 1554 caterva.

182 1576 265 1634 Qualis
274 1576 301 1622 in
311 1576 418 1623 Eurotae
427 1575 486 1632 ripis
495 1577 540 1623 aut
549 1591 592 1631 per
601 1575 659 1632 iuga
669 1573 760 1631 cynthi

182 1645 276 1691 exercet
286 1644 367 1690 Diana
377 1644 469 1700 choros,
480 1659 552 1700 quam
561 1643 628 1690 mille
637 1645 735 1690 secutae

135 1725 172 1762 500
182 1712 239 1760 hinc
253 1713 325 1766 atque
335 1711 391 1759 hinc
402 1711 570 1768 glomerantur
580 1711 701 1768 Oreades;
716 1710 760 1757 illa
772 1708 861 1765 phara

182 1848 232 1895 fert
241 1862 333 1904 umero,
343 1848 502 1904 gradiensque
515 1849 571 1896 deas
584 1846 747 1904 supereminet
759 1861 857 1903 omnes;

182 1916 291 1964 Latonae
300 1915 403 1962 tacitum
413 1919 579 1973 pertemptant
588 1916 677 1973 gaudia
686 1917 785 1972 pectus:
854 1957 857 1960 .

182 1983 241 2031 talis
249 1984 303 2030 erat
313 1983 385 2041 Dido,
396 1984 469 2033 talem
480 2001 505 2032 se
514 1985 580 2033 laeta
589 1984 684 2032 ferebat

183 2068 227 2114 per
236 2051 334 2109 medios,
342 2051 436 2099 instans
446 2052 512 2108 operi
521 2053 648 2110 regnisque
658 2050 758 2098 tuturis.

184 2121 248 2169 Tum
257 2120 348 2167 foribus
358 2121 436 2179 divae,
446 2121 525 2168 media
533 2121 655 2168 testudine
664 2120 759 2177 templi,

184 2192 269 2246 saepta
278 2189 351 2236 urnis
362 2189 465 2245 solioque
474 2189 524 2236 alte
534 2189 636 2236 subnixa
644 2188 743 2236 resedit.

184 2260 244 2307 Iura
253 2259 327 2305 dabat
335 2258 446 2314 legesque
456 2257 523 2314 viris,
533 2272 678 2314 operumque
687 2257 795 2303 laborem

184 2327 295 2384 partibus
304 2326 423 2382 aequabat
432 2325 502 2372 iustis
512 2328 555 2372 aut
565 2327 629 2374 sorte
639 2324 762 2381 trahebat,
859 2367 862 2371 .

187 2411 242 2444 cum
252 2395 331 2441 subito
340 2395 434 2441 Aeneas
445 2409 562 2441 concursu
572 2394 684 2442 accedere
694 2407 783 2450 magno

138 2476 176 2514 5¹0
187 2463 286 2511 Anthea
295 2463 480 2520 Sergestumque
490 2462 556 2508 videt
565 2462 701 2517 fortemque
712 2459 861 2509 Cloanthum

188 2533 382 2648 Teuorsgrumque
391 2531 459 2589 alios,
470 2532 524 2578 ater
533 2545 591 2587 quos
601 2545 703 2586 aequore
713 2528 787 2578 turbo

252 2613 274 2638 12
