1972 3164
420 171 531 213 aarum.
555 172 588 212 IX

167 263 297 314 Praeterea
305 266 343 314 bis
353 282 395 315 sex
404 268 500 325 genilcr
508 269 640 317 lectissima
649 270 756 317 malrum

167 350 269 391 corpora
278 335 431 393 captivosque
441 338 510 384 dabis
519 353 608 394 suaque
618 337 728 384 omnibus
737 352 814 394 arma,

166 403 266 459 insuper
275 405 313 452 his
323 405 402 462 campi
412 406 475 462 quod
483 421 527 453 rex
536 406 609 454 habet
618 405 670 461 ipse
679 405 790 453 Laliuus.

167 472 203 518 Te
213 487 279 530 vero,
289 490 344 522 mea
353 489 423 530 quem
434 474 519 530 spatiis
528 474 680 530 propioribus
690 474 758 520 aetas

165 540 312 600 insequitur,
322 543 457 590 venerande
467 557 535 599 puer,
545 542 594 589 iam
603 543 698 598 peclcre
706 543 759 589 tcto

167 610 259 665 accipio
268 612 293 658 et
303 611 414 658 comitem
425 625 494 658 casus
503 610 649 666 complector
658 610 684 657 in
693 625 785 658 omnes.

168 678 245 724 Nulla
254 679 313 726 meis
324 678 375 726 sine
384 681 409 726 le
419 680 549 734 quaeretur
557 679 634 735 gloria
642 679 714 726 rebus
723 699 730 736 ;

168 761 212 794 seu
223 763 307 802 pacem
318 763 360 794 seu
369 746 432 794 bella
441 762 532 803 geram,
542 747 587 794 cibi
595 748 701 795 maxima
709 764 792 796 rerum

122 825 158 863 280
168 815 343 871 verborumque
352 816 427 862 fides)
458 816 550 862 Contra
559 831 628 871 quem
637 817 698 864 talia
707 817 776 864 iatur

168 882 305 939 Euryalus:
322 883 327 904 ‘
337 884 379 930 Me
387 883 454 930 nulla
464 883 514 930 dies
523 885 575 930 lam
584 884 687 931 forlibus
697 886 762 932 ausis

167 952 306 999 dissimilem
316 951 424 1008 arguerit
434 970 441 1007 ;
454 953 552 998 lantum
560 951 661 1000 fortuna
670 954 775 1001 secunda

167 1019 233 1067 haud
242 1021 344 1068 adversa
354 1021 432 1068 cadat.
464 1020 511 1067 Sed
519 1022 544 1067 le
554 1022 716 1077 superomnia
725 1023 789 1069 dona

168 1104 244 1136 unum
253 1105 295 1136 oro
304 1110 309 1136 ε
323 1089 434 1146 genetrix
444 1089 535 1135 Priami
544 1091 574 1136 dc
583 1092 655 1146 genle
662 1091 761 1136 vetusta

168 1159 206 1205 esi
216 1159 282 1216 mihi,
293 1174 365 1214 quam
374 1158 487 1205 miseram
496 1158 576 1204 tenuit
585 1173 634 1204 non
644 1159 691 1205 llia
700 1158 774 1205 lellus

168 1241 263 1273 mecum
272 1227 435 1283 excedentem,
446 1241 494 1272 non
503 1225 598 1272 moenia
606 1226 670 1282 regis
680 1226 792 1273 Aceslae.

169 1297 242 1343 Hanc
270 1311 314 1352 ego
341 1311 406 1343 nunc
436 1295 547 1351 ignaram
578 1293 649 1340 huius
679 1295 844 1350 quodcumque

225 1364 311 1420 pericli
321 1366 359 1412 esi

169 1432 242 1488 inque
251 1431 384 1479 salutatam
393 1433 475 1489 linquo
485 1433 542 1489 (nox
551 1433 576 1480 el
585 1434 630 1479 lua
638 1431 709 1479 testis

170 1501 289 1557 dextera),
300 1502 364 1557 quod
369 1516 486 1558 nequeam
493 1501 605 1548 lacrimas
613 1501 720 1556 perferre
727 1501 843 1557 parensis.

122 1595 160 1633 290
170 1574 206 1621 Al
215 1576 252 1631 lu,
263 1589 313 1631 oro,
324 1573 400 1621 solare
409 1573 503 1629 inopem
514 1574 539 1620 ei
549 1587 662 1620 succurre
671 1573 778 1620 relictae.

170 1644 243 1691 Hauc
253 1642 305 1690 sinc
314 1658 353 1689 me
363 1657 428 1698 spem
438 1642 503 1689 ferre
512 1640 550 1688 ini
560 1661 565 1687 :
582 1641 710 1688 andentior
718 1641 758 1689 ibo

169 1713 196 1760 in
205 1726 275 1758 casus
285 1712 384 1758 omnes'
415 1713 533 1758 Percussa
543 1711 623 1756 mente
633 1709 720 1757 dedere

169 1780 326 1828 Dardanidae
336 1779 447 1826 lacrimas
457 1797 463 1834 ;
479 1779 536 1824 anie
546 1793 627 1825 omnes
637 1778 737 1834 pulcher
746 1778 824 1835 Iulus,

169 1850 243 1904 alque
253 1849 361 1894 animum
370 1847 465 1903 patriae
475 1846 575 1893 sirinxil
585 1846 683 1902 pietatis
692 1846 780 1903 imago.

170 1919 235 1965 Tum
244 1917 278 1964 sic
288 1916 379 1964 effatur
389 1935 394 1962 ι

170 1986 177 2008 ⁶
187 1986 283 2041 Sponde
293 1985 367 2041 digna
375 1984 425 2030 luis
434 1983 573 2040 ingentibus
584 1983 664 2030 omnia
673 1982 772 2038 coeptis.

170 2055 282 2109 Namque
291 2053 338 2100 erit
348 2051 396 2099 isla
405 2052 464 2098 mihi
471 2051 590 2108 genetrix,
598 2065 732 2106 nomenque
742 2050 846 2098 Oreusae

172 2123 249 2170 solum
259 2121 372 2178 defuerit,
382 2135 426 2168 nec
436 2121 534 2176 parcum
543 2119 624 2176 gralia
633 2119 709 2165 tuem

172 2191 347 2246 parvamanet.
375 2187 846 2243 (lasusiactumquicumquesequeniur‚

122 2283 161 2320 300
172 2275 217 2316 per
227 2260 301 2315 capul
309 2259 355 2305 hoc
364 2257 425 2314 iuro,
437 2273 481 2313 per
490 2257 553 2312 quod
562 2258 633 2312 paler
643 2258 700 2302 ante
709 2255 801 2302 solebat
810 2276 815 2302 :

172 2344 234 2385 quae
243 2329 289 2375 libi
298 2327 411 2384 polliceor
420 2325 503 2373 reduci
512 2325 630 2380 rebusque
641 2324 759 2380 secundis,

172 2398 232 2445 haec
242 2398 325 2445 eadem
335 2395 454 2450 matrique
464 2396 521 2440 tuae
530 2395 659 2450 generique
668 2393 817 2440 manebunl.'

386 2485 422 2516 283.
443 2491 460 2515 a.
468 2480 482 2515 l.
490 2479 634 2515 ‘auladversa'

222 2543 229 2585 (
240 2538 292 2587 3²7)
