1972 3164
340 743 374 808 P.
405 740 591 806 VERGILI
622 740 829 807 MARONIS

413 895 450 972 G
461 896 495 972 R
508 896 543 971 Ο
554 896 592 970 R
604 893 707 971 (ΗΟ
718 895 755 970 Α

556 1064 622 1090 -ῃ-

426 1183 544 1236 LIBER
568 1182 744 1236 TERTIUS.

250 1309 313 1401 ΤΕ
339 1322 440 1364 qnoque,
460 1323 549 1364 magna
572 1307 651 1364 Pales,
674 1309 699 1354 et
723 1308 748 1353 te
769 1307 927 1353 memorande

349 1391 461 1424 canemus

249 1446 337 1494 Pastor
350 1445 380 1492 ab
390 1445 535 1502 Amphryso,
542 1462 593 1503 vos,
604 1446 678 1493 silvae
688 1458 816 1498 amnesque
827 1443 925 1498 Lycaei.

249 1515 337 1563 caera
346 1529 407 1569 quae
417 1530 505 1560 vacuas
515 1515 650 1560 tenuissent
660 1513 765 1560 carmine
776 1513 879 1569 mentes,

249 1583 329 1630 omnia
338 1582 387 1628 iam
396 1582 511 1639 vulgata:
527 1582 579 1637 quis
589 1583 633 1628 aut
643 1581 781 1636 Eurysthea
791 1581 880 1626 durum

249 1653 292 1698 aut
302 1650 413 1697 illaudati
422 1651 498 1696 nescit
508 1650 626 1696 Busiridis
637 1652 708 1696 aras?

250 1719 295 1766 Oui
304 1733 353 1764 non
364 1718 442 1764 dictus
455 1718 532 1773 Hylas
542 1734 603 1773 puer
613 1719 637 1764 et
652 1717 755 1763 Latonia
765 1717 840 1763 Deles

250 1785 447 1841 Hippodameque
457 1802 587 1841 umeroque
599 1786 685 1841 Pelops
695 1785 795 1841 insignis
806 1784 907 1839 eburno,

249 1871 305 1902 acer
313 1854 398 1909 equis?
427 1855 579 1910 Temptanda
596 1855 635 1900 via
653 1856 698 1909 est,
715 1868 763 1908 qua
778 1869 816 1899 me
831 1867 925 1907 quoquo

305 1923 393 1978 possim

249 1992 333 2038 tollere
343 1992 417 2038 humo
426 1991 550 2047 victorque
559 1991 639 2037 virum
650 1990 751 2037 volitare
761 2005 804 2045 per
814 2004 865 2035 ore.

215 2077 238 2103 ιο
250 2060 346 2107 Primus
356 2077 400 2117 ego
409 2061 435 2107 in
442 2061 547 2116 patriam
557 2075 660 2116 mecum,
667 2060 737 2106 modo
746 2059 799 2104 vita
809 2058 924 2115 supersit,

249 2129 328 2177 Aonio
337 2129 432 2175 rediens
442 2129 559 2175 deducam
569 2128 660 2175 vertice
670 2128 769 2183 Musas3

249 2197 341 2254 primus
352 2196 478 2243 Idumaeas
488 2196 592 2243 referam
603 2195 656 2253 tibi,
668 2195 780 2250 Mantua,
791 2193 895 2251 palmas,

249 2266 275 2312 et
284 2265 355 2311 viridi
365 2263 390 2310 in
401 2279 485 2319 campo
495 2264 613 2320 templum
623 2265 652 2311 de
663 2277 782 2309 marmore
792 2276 883 2317 ponam

249 2335 349 2389 propter
359 2348 453 2389 aquam,
464 2332 539 2378 tardis
549 2333 634 2388 ingens
644 2331 686 2377 ubi
695 2331 795 2377 flexibus
805 2331 874 2376 errat

249 2401 355 2448 Mincius
365 2403 389 2448 at
400 2402 484 2447 tenera
494 2400 614 2454 praetexit
623 2398 758 2444 harundine
768 2397 843 2452 ripas.
905 2394 906 2397 ’

249 2469 280 2515 In
289 2470 368 2516 medio
378 2468 437 2515 mihi
447 2469 536 2515 Caesar
545 2468 592 2514 erit
602 2467 767 2522 templumque
777 2465 872 2512 tenebit
882 2485 888 2511 :

249 2537 285 2583 illi
294 2537 372 2584 victor
382 2552 426 2593 ego
436 2537 460 2583 et
469 2535 544 2590 Tyrio
554 2536 697 2589 conspectus
707 2534 732 2580 in
742 2536 808 2580 ostro

250 2606 346 2651 centum
357 2604 509 2660 quadriiugos
519 2602 617 2658 agitabo
626 2603 658 2649 ad
668 2602 768 2649 flumina
777 2616 870 2648 currus.

297 2671 356 2721 (74)
