1972 3164
445 253 468 292 P.
481 251 601 294 VERGILI
613 253 742 296 MABONIS

257 364 330 398 saeva
339 352 423 400 sedens
433 367 507 408 snper
515 368 585 401 arma
593 353 619 400 et
628 354 725 401 centum
735 353 832 402 vinctus
841 355 909 405 aenis

258 420 313 474 post
322 421 420 477 tergum
429 420 497 468 nodis
507 421 596 469 fremet
604 421 716 469 horridus
726 437 767 470 ore
778 425 896 471 cruento?

287 489 355 536 Haec
365 489 408 548 ait,
419 491 444 536 et
454 489 521 536 Maia
529 490 638 547 genitum
648 491 755 538 demittit
765 491 796 539 ab
805 491 865 550 alto,

258 559 288 605 nt
297 559 378 605 terrae
386 560 461 613 utone
470 572 546 604 novae
556 560 657 614 pateant
667 559 823 617 Carthaginis
832 577 901 608 arces

258 626 363 682 hospitio
373 625 480 682 Teucris,
491 641 521 673 nc
530 626 577 672 fati
586 627 667 675 nescia
677 627 741 675 Dido

212 717 247 751 300
260 695 348 742 finibus
358 696 460 743 arceret.
490 695 565 742 Volat
573 695 615 742 illa
624 711 668 750 per
677 697 735 743 eitra
745 711 861 753 magnum

260 763 359 821 remigio
369 763 472 820 alarum,
482 779 511 810 ac
522 763 611 819 Libyae
621 764 684 812 citus
694 765 774 812 astitit
784 765 841 812 oris.

259 833 294 879 Et
307 832 356 878 iam
365 832 432 878 iussa
441 832 509 890 facit,
520 833 660 888 ponuntcme
670 833 759 880 ferocia
768 832 844 880 Poeni

259 900 333 948 corda
342 900 437 947 volente
447 901 505 956 deo;
520 900 546 946 in
556 899 640 956 primis
649 901 735 958 regina
744 901 852 956 quietum

259 969 347 1025 accipit
355 969 381 1015 in
391 968 497 1017 Teucros
507 968 614 1016 animum
624 971 776 1024 mentemque
784 969 922 1026 benignam.

287 1037 322 1083 At
332 1037 385 1093 pius
395 1038 499 1094 Aeneas,
510 1040 659 1093 pernoctem
668 1037 773 1092 plurima
782 1037 890 1094 volvens,

259 1108 288 1153 nt
298 1106 403 1162 primum
412 1105 456 1152 lux
465 1105 531 1152 alma
539 1106 599 1153 data
608 1107 653 1163 cst,
664 1106 730 1152 exire
739 1105 850 1161 locosque

259 1174 385 1230 explorare
394 1189 476 1231 novos,
487 1189 547 1229 quas
556 1176 629 1221 vento
638 1174 766 1222 accesserit
776 1189 839 1229 oras,

260 1243 300 1299 qui
309 1243 418 1298 teneant,
424 1257 482 1289 nam
491 1242 584 1290 inculta
593 1242 667 1299 videt,
678 1242 817 1289 hominesne
826 1242 933 1299 feraene,

260 1325 373 1368 quaerere
383 1311 510 1358 constituit
519 1311 633 1366 sociisque
643 1312 728 1358 exacta
738 1311 838 1358 reterre.

211 1395 249 1432 310
262 1380 368 1428 Classem
378 1379 404 1427 in
414 1395 518 1427 convexo
527 1394 651 1427 nemorum
662 1379 707 1426 sub
716 1394 776 1435 rupe
786 1380 874 1426 cavata

261 1448 387 1496 arboribus
418 1449 526 1496 clausam
557 1448 647 1495 circum
676 1449 749 1503 atoue
779 1447 935 1495 horrentibus

317 1517 409 1565 umbris

260 1587 363 1644 occulit;
378 1587 430 1642 ipse
439 1601 488 1633 uno
496 1585 609 1642 graditur
618 1584 747 1632 comitatus
756 1584 861 1641 Achate,

260 1657 317 1703 bina
326 1671 402 1702 manu
410 1655 461 1702 lato
471 1655 579 1710 crispans
587 1653 686 1700 hastilia
695 1653 769 1701 ferro.

262 1724 308 1773 cni
317 1724 396 1770 mater
405 1722 485 1769 media
494 1736 545 1769 sese
554 1722 613 1768 tulit
622 1721 692 1768 obvia
701 1721 770 1778 silva,

260 1791 360 1848 virginis
370 1806 396 1838 os
406 1791 563 1846 habitumque
572 1805 658 1847 gerens
668 1791 693 1837 et
702 1790 803 1846 virginis
813 1805 891 1846 arma,

262 1861 405 1916 Spartanae,
416 1858 454 1905 vel
464 1858 541 1914 qualis
551 1873 623 1914 equos
634 1858 747 1906 Threissa
756 1858 847 1914 fatigat

261 1927 400 1984 Harpalyce
404 1927 573 1982 volucremque
579 1926 639 1984 fuga
645 1927 808 1982 praevertitur
814 1926 935 1973 Hebrum.

261 1998 372 2053 Namque
396 1995 486 2043 umeris
511 1996 541 2042 da
563 2010 629 2042 more
651 1995 756 2042 habilem
776 1994 937 2050 suspenderat

318 2081 402 2113 arcum

262 2135 382 2191 venatrix,
393 2134 539 2189 dederatque
549 2148 641 2180 comam
652 2132 786 2179 diffundere
796 2131 885 2188 ventis,

213 2230 251 2271 320
263 2205 329 2253 nuda
338 2219 402 2261 genu
411 2203 518 2257 nodoque
529 2201 595 2248 sinus
605 2200 707 2248 collecta
716 2199 826 2247 fluentes.

262 2275 299 2322 Ac
322 2273 389 2330 prior
411 2271 506 2317 ‘Heus’
530 2269 616 2325 inquit,
642 2268 760 2325 ‘iuvenca
790 2267 936 2324 monstrate,

318 2357 426 2389 mearum

262 2412 355 2459 vidistis
366 2411 466 2465 siquam
476 2407 516 2455 hic
526 2408 647 2454 errantem
657 2406 721 2453 forte
731 2407 849 2462 sororum,

262 2482 409 2528 succinctam
419 2479 536 2534 pharetra
545 2477 571 2523 et
580 2475 715 2523 maculosae
725 2475 831 2529 tegmine
841 2473 926 2530 lyncis,

262 2550 305 2596 aut
315 2547 450 2602 spumantis
459 2546 512 2602 apri
522 2560 619 2593 cursum
629 2544 733 2592 clamore
744 2542 911 2599 prementem?

310 2615 380 2664 (1²2)
