1972 3164
360 213 362 217 ι
394 155 542 199 sueonos
568 156 623 198 vin

200 252 229 301 T.
259 253 306 301 Hio
323 254 391 301 foous
406 256 431 301 et
446 254 533 302 taedae
550 255 660 311 pingues,
674 255 713 302 hle
727 255 845 311 plurimus

132 407 158 444 ⁵0
171 406 269 448 semper
278 393 302 439 et
313 393 409 440 assidua
419 395 499 449 poetes
508 392 610 448 fuligine
620 392 684 448 nigri
692 411 698 448 ;

171 461 212 508 hio
222 461 320 506 tantum
330 461 422 508 Boreae
432 477 545 509 curamus
555 461 656 517 frigora,
666 463 785 517 quantum

171 531 217 576 aut
227 543 355 575 numerum
365 529 436 585 lupus
447 532 490 576 aut
500 530 620 576 torrentia
629 529 730 576 flumina
740 529 813 584 ripas.

202 597 229 645 O.
259 597 331 643 Stant
341 598 366 644 et
375 597 479 653 iuniperi
489 600 514 645 et
523 599 651 646 castaneae
661 597 785 653 hirsutao;

171 667 254 712 strata
262 665 342 712 iaoent
352 665 442 721 passim
450 681 495 712 sua
499 681 606 722 quaeque
614 665 659 712 sub
665 665 751 712 arbore
761 680 846 720 poma;

171 733 254 781 omnia
263 748 327 780 nuno
337 733 432 789 rident3
446 736 472 781 at
482 734 503 780 si
512 734 630 781 formosus
641 734 724 781 Alexis

171 801 294 848 montibus
304 801 341 848 his
351 801 431 859 abeat,
442 802 523 850 videas
532 804 558 850 et
568 803 668 849 flumina
677 802 747 850 sicca.

201 871 231 916 T.
262 870 324 917 Aret
333 885 407 927 agen
420 870 479 918 vitio
488 870 592 917 moriens
602 870 655 917 sltit
665 870 726 917 aeris
736 870 825 924 herba;

172 938 246 986 Liber
255 939 394 994 pampineas
404 939 491 985 invidit
500 939 600 986 collibus
610 939 721 985 umbras:

173 1006 291 1062 Phyllidis
301 1007 408 1054 adventu
417 1009 514 1055 nostrae
524 1023 608 1054 nemus
618 1022 688 1054 omne
697 1007 793 1064 virebit,

135 1083 161 1121 to
173 1074 285 1130 Iuppiter
294 1078 319 1122 et
329 1075 392 1122 laeto
401 1075 529 1124 descendet
539 1075 657 1130 plurimus
667 1075 746 1123 imbri.

202 1143 229 1190 0.
258 1142 363 1198 Populus
374 1143 472 1190 Aloidae
482 1143 629 1201 gratissima,
639 1144 695 1190 vitis
706 1143 801 1200 Iaccho,

172 1211 291 1258 formosae
301 1213 395 1268 myrtus
405 1212 502 1269 Veneri,
513 1227 557 1259 sua
566 1212 651 1260 laurea
660 1212 770 1268 Phoebo;

174 1279 266 1336 Phyllis
275 1282 342 1327 amat
352 1280 459 1336 oorylos3
472 1279 527 1326 illas
537 1280 595 1326 dum
605 1280 698 1335 Phyllis
708 1280 808 1335 amabit,

173 1363 218 1395 neo
227 1349 321 1404 myrtus
331 1347 412 1394 vincet
421 1347 515 1403 corylos
525 1361 569 1394 neo
579 1346 664 1394 laurea
673 1346 771 1394 Phoebi.

202 1416 231 1462 Τ.
257 1414 846 1472 Fbaxinusinsilvispuloherrimapinusinhortis,

173 1483 276 1540 populus
285 1485 311 1531 in
321 1483 409 1540 fluviis,
420 1482 486 1530 abies
495 1483 520 1529 in
530 1482 652 1530 montibus
662 1482 719 1531 altis
729 1504 734 1530 ι

173 1552 267 1609 saepius
277 1555 304 1599 at
314 1553 391 1609 sime,
403 1551 493 1608 Lycida
502 1551 614 1608 formose,
625 1552 723 1609 revisas,

173 1621 284 1668 fraxinus
294 1621 319 1667 in
329 1621 395 1668 silvis
406 1621 476 1668 cedat
486 1619 539 1677 tibi,
549 1620 621 1676 pinus
631 1620 657 1668 in
666 1621 751 1670 hortis.

199 1689 235 1736 M.
264 1689 332 1737 Haeo
342 1688 448 1745 memini,
458 1691 483 1736 et
493 1688 585 1736 vietum
597 1689 691 1737 frustra
701 1693 846 1739 contendere

136 1846 162 1882 70
174 1825 214 1872 Ex
223 1825 264 1872 illo
274 1792 385 1881 Corydon
394 1826 506 1882 Corydon
515 1828 553 1873 ost
562 1828 671 1882 tempore
680 1827 756 1875 nobis.

380 2045 531 2100 ECLOGA
555 2045 642 2098 VIII.

175 2166 383 2256 PASTORUM
392 2181 486 2212 musam
497 2166 613 2213 Damonis
623 2169 648 2213 et
658 2166 821 2223 Alphesiboei,

233 2235 359 2282 immemor
367 2234 497 2282 herbarum
507 2249 566 2290 quos
575 2236 613 2282 est
623 2235 713 2282 mirata
722 2234 824 2281 iuvenca

174 2305 304 2360 uertentes,
315 2318 417 2359 quorum
427 2302 578 2358 stupefactae
588 2302 695 2350 carmine
704 2301 792 2358 lyuoes‚

174 2374 199 2419 et
208 2373 305 2418 mutata
314 2386 369 2417 suos
379 2369 518 2426 requierunt
528 2370 629 2416 flumina
638 2384 731 2425 aursus,

175 2440 292 2486 Damonis
302 2454 395 2485 musam
405 2439 511 2485 dicemus
520 2439 545 2484 et
555 2436 715 2492 Alphesiboei.

223 2511 231 2557 (
240 2509 280 2557 a)
