1972 3164
242 177 393 220 GEORGIOA.
419 178 451 218 1v

109 288 154 322 cre
163 289 261 323 manum
271 276 333 324 dum
343 278 417 335 terat,
427 277 479 334 ipse
488 276 580 326 feraces
590 271 593 275 ’

109 359 156 392 unc
165 345 262 400 plantas
271 348 297 394 et
307 347 395 394 amicos
404 347 492 404 irriget
501 347 597 394 imbres.

109 429 120 461 e
130 415 246 472 equidem,
253 419 362 463 extremo
368 416 395 463 ni
404 416 453 463 iam
463 417 509 464 sub
519 417 567 463 fine
577 416 687 464 laborum

109 482 173 530 iham
182 485 208 531 et
217 484 291 531 terris
301 484 414 532 festinem
424 485 551 533 advertere
562 500 668 542 proram,

109 567 116 598 ι
125 553 159 609 et,
169 552 271 608 pingues
281 553 365 601 hortos
374 569 435 609 quae
442 569 502 600 cura
511 553 605 601 colendi
693 612 695 617 ⁴

112 655 118 675 ‚
129 635 248 678 canerem,
258 621 375 677 biferique
384 622 476 669 rosaria
486 622 577 679 Paesti,

115 689 185 735 modo
195 689 258 744 potis
268 689 402 747 gauderent
411 690 497 737 intuba
506 691 565 737 rivis

110 772 135 804 es
144 757 199 812 apio
208 758 284 814 ripae,
294 759 421 814 tortusque
430 774 474 814 per
482 759 583 805 herbam

109 827 129 872 st
138 826 164 873 in
174 828 282 873 ventrem
292 827 414 884 cucumis3
428 842 473 874 nec
483 842 537 874 sera
546 827 681 875 comantem

109 909 147 940 um
156 897 201 942 aut
211 895 266 942 flexi
275 895 404 942 tacuissem
413 896 494 942 vimen
503 895 603 943 acanthi
695 903 698 907 '

109 978 178 1019 esque
187 963 288 1011 hederas
298 966 323 1011 et
332 965 443 1011 amantes
452 964 525 1011 litora
534 965 635 1020 myrtos.

110 1047 126 1079 a
135 1032 180 1079 sub
190 1032 304 1080 Oebaliae
313 1032 412 1080 memini
420 1048 459 1079 me
468 1033 577 1079 turribus
587 1031 659 1085 arcis,

110 1116 140 1148 er
146 1103 254 1148 umectat
264 1101 378 1148 flaventia
388 1101 454 1148 culta
463 1101 589 1158 Galaesus,

110 1185 142 1216 rm
148 1169 236 1217 vidisse
246 1185 335 1227 senem,
343 1169 382 1216 cui
390 1185 469 1224 pauca
478 1169 556 1216 relicti

110 1238 172 1285 ruris
181 1240 260 1295 erant,
273 1254 318 1285 nec
327 1238 415 1285 fertilis
425 1238 468 1284 illa
474 1237 581 1285 iuvencis

110 1307 149 1354 cri
158 1309 294 1363 opportuna
303 1322 370 1363 seges
380 1321 425 1354 nec
435 1306 560 1353 commoda
569 1303 674 1351 Baccho.

110 1391 157 1422 rum
166 1377 249 1423 tamen
258 1377 284 1422 in
294 1376 373 1423 dumis
383 1374 435 1421 olus
445 1375 547 1429 albaque
557 1373 647 1420 circum

110 1443 238 1500 rbemsqne
247 1460 358 1500 premens
368 1456 512 1498 vescumque
522 1455 629 1496 papaver

110 1513 229 1568 aequabat
238 1528 294 1569 opes
304 1512 400 1568 animis,
411 1525 511 1566 seraque
521 1510 646 1557 revertens

111 1596 191 1629 omum
201 1581 302 1638 dapibus
312 1596 407 1628 mensas
417 1579 533 1627 onerabat
542 1577 664 1633 inemptis.

110 1665 113 1696 ι
123 1665 179 1698 vere
188 1665 269 1697 rosam
279 1652 351 1706 atquc
361 1651 480 1696 autumno
491 1662 589 1704 carpere
598 1661 677 1703 poma,

115 1718 193 1767 tristis
202 1719 295 1773 hiemps
305 1718 438 1765 etiamnum
447 1717 538 1774 frigore
548 1731 607 1762 saxa

110 1789 140 1836 et
148 1789 174 1835 et
183 1787 259 1844 glacie
270 1801 354 1834 cursus
364 1785 474 1832 frenaret
483 1799 610 1841 aquarum,

110 1871 160 1903 mm
170 1856 248 1904 mollis
257 1856 306 1902 iam
315 1854 432 1901 tondebat
441 1852 568 1910 hyacinthi

110 1941 134 1971 m
143 1924 291 1980 increpitans
299 1938 379 1970 seram
385 1921 548 1978 zephyrosque
556 1919 687 1967 morantes.

110 1993 177 2049 pibus
187 1992 244 2040 fetis
253 1993 317 2039 idem
327 1993 399 2046 atque
409 1989 518 2038 examine
526 1989 605 2036 multe

119 2061 243 2110 abundare
252 2063 278 2108 et
288 2059 428 2115 spumantia
437 2073 521 2114 cogere
530 2056 619 2114 premia

111 2132 175 2179 avis:
190 2130 227 2178 illi
235 2129 302 2177 tiliae
312 2130 386 2184 atquc
395 2126 518 2174 uberrima
526 2126 605 2182 pinus,

110 2199 156 2247 ein
166 2199 225 2246 flore
231 2213 294 2245 novo
303 2197 380 2253 pomis
391 2211 416 2243 se
425 2195 513 2242 fertilis
522 2194 594 2241 arbos
700 2196 702 2201 '

111 2269 137 2325 rt,
146 2267 249 2314 totidem
258 2267 376 2313 autumno
386 2265 484 2310 matura
492 2261 601 2309 tenebat.

111 2351 146 2382 am
156 2350 221 2382 seras
230 2335 256 2382 in
265 2349 362 2381 versum
371 2331 467 2380 distulit
475 2330 554 2377 ulmos

111 2419 165 2460 ique
175 2404 254 2459 pirum
264 2404 289 2450 et
299 2401 379 2457 spinos
389 2401 438 2447 iam
448 2413 528 2454 pruna
536 2395 643 2443 ferentes
700 2413 703 2418 ·

111 2471 297 2521 *ministrantem
302 2469 430 2526 platanum
434 2465 575 2522 potantibus
582 2463 702 2512 umbras:

115 2540 124 2590 )
348 2547 361 2576 υ
649 2576 652 2580 ,
