1972 3164
367 352 388 391 Ρ.
403 351 522 392 VERGILI
533 351 663 392 MARONIS

176 450 267 495 starem
274 446 326 495 scie
331 446 499 504 traheremque
505 447 602 496 inimice
609 447 733 505 inproeliu
740 449 853 498 Teucros.

176 518 306 564 Iuturnam
316 518 403 564 misero
413 517 509 573 (fateor)
516 533 655 578 succurrere
666 518 742 565 fratri

176 586 242 633 suusi
253 589 278 633 et
287 601 332 642 pro
341 586 393 633 vite
402 585 495 633 maiore
504 586 592 633 audere
602 586 711 644 probari,

176 669 224 701 uon
234 656 263 701 ut
272 654 322 701 tels
331 656 422 711 temen,
433 669 481 701 non
490 655 519 700 ut
529 655 686 702 contenderet
695 670 782 702 arcum
793 677 798 702 :

176 722 261 768 adiuro
271 722 349 778 Stygii
359 724 433 777 ceput
441 721 592 778 implacabile
601 722 686 779 fontis,

176 805 225 837 unu
235 790 374 846 superstitio
384 791 476 846 superis
486 805 547 845 quus
556 790 652 837 redditu
661 791 733 838 divis.

176 859 210 904 Et
219 873 284 905 nunc
294 858 352 906 cedo
361 858 469 914 equidem
479 872 620 914 pugnasque
629 874 703 906 exose
712 859 831 916 relinquo.

176 926 241 972 Illud
250 927 284 983 te,
295 926 363 973 nullu
372 926 419 972 feti
427 927 491 982 quod
500 926 552 982 lege
565 928 672 984 tenetur,

127 1008 164 1046 820
177 1009 219 1049 pro
229 993 300 1040 Lutio
309 993 424 1050 obtestor,
435 1009 480 1049 pro
489 994 615 1041 maiestate
625 996 726 1041 tuorum
737 1017 743 1042 z

176 1077 231 1110 cum
240 1062 288 1108 iam
299 1062 406 1109 conubiis
415 1077 498 1118 pacem
508 1062 617 1109 felicibus
627 1063 700 1119 (esto)

176 1132 327 1187 component,
339 1145 394 1177 eum
403 1131 452 1177 iam
460 1130 525 1187 leges
534 1131 560 1177 et
571 1130 669 1178 foedere
678 1130 794 1189 iungent,

175 1213 206 1246 ne
215 1200 285 1245 vetus
295 1198 420 1257 indigenas
430 1214 518 1246 nomen
528 1200 623 1245 mutare
633 1199 745 1256 latinos,

175 1282 223 1315 neu
233 1267 309 1314 lbous
318 1267 372 1314 fieri
379 1267 462 1314 iubeas
473 1268 624 1322 Teucrosque
634 1267 725 1324 vocari,

175 1337 219 1382 unt
228 1350 311 1382 vocem
320 1336 416 1382 mutare
425 1335 489 1382 viros
499 1338 543 1382 eut
552 1336 646 1382 vertere
655 1337 760 1382 vestem.

176 1403 213 1449 Sit
223 1403 330 1460 Latium,
341 1404 390 1450 siut
400 1403 490 1450 Albuni
499 1419 544 1459 per
552 1403 649 1450 seeculu
658 1418 737 1460 reges,

175 1471 207 1518 sit
218 1471 329 1519 &manu
338 1474 423 1527 potens
434 1472 500 1518 Itulu
508 1472 600 1518 virtuto
609 1486 719 1529 propago
729 1493 734 1518 :

174 1539 269 1595 occidit,
279 1540 437 1595 occideritque
447 1540 512 1586 sinus
522 1555 576 1587 cum
586 1539 681 1586 nomine
691 1540 785 1588 Trois!

176 1607 225 1654 Olli
235 1608 359 1654 subridens
369 1607 494 1654 hominum
504 1623 631 1663 rerumque
640 1609 768 1662 repertor:

126 1688 163 1735 830
176 1675 182 1696 ‘
191 1677 225 1722 Es
234 1692 351 1732 germane
360 1676 423 1722 Iuris
433 1676 579 1734 Sqturnique
589 1676 667 1722 alteru
676 1676 759 1731 proles
767 1696 774 1732 ;

174 1743 268 1790 irarum
278 1745 360 1791 tentos
370 1744 446 1791 volvis
457 1744 501 1791 sub
511 1745 607 1800 pectore
617 1743 714 1791 fluctus,

175 1813 267 1859 Verum
277 1829 321 1868 ege
329 1815 353 1859 et
361 1813 485 1868 inceptum
493 1813 586 1860 frustra
596 1812 721 1860 summitte
728 1813 853 1862 furorem:

174 1879 205 1926 do
215 1881 279 1935 quod
288 1881 333 1936 vis,
343 1882 369 1927 et
378 1896 417 1928 me
426 1881 549 1936 victusque
558 1881 686 1936 volensque
696 1883 808 1930 remitto.

175 1948 315 1994 Sermonem
324 1948 427 1994 Ausonii
437 1949 543 2004 putrium
553 1964 676 2004 moresque
686 1950 817 2007 tenebunt,

173 2016 248 2069 utque
258 2017 296 2061 est
306 2029 392 2061 nomeu
403 2016 449 2062 erit
461 2035 467 2072 ;
482 2017 605 2064 commixti
614 2032 713 2072 corpore
723 2019 826 2066 tuntum

173 2083 298 2130 subsident
308 2082 403 2129 Teucri.
434 2084 528 2130 Morem
538 2086 645 2140 ritusque
656 2100 784 2132 sacrorum

173 2153 284 2200 adiiciam
294 2151 429 2207 faciemque
439 2167 521 2200 omnes
532 2169 581 2200 uno
590 2169 631 2200 ore
641 2153 752 2202 Latinos.

174 2222 239 2268 Hinc
249 2237 324 2277 genus
331 2220 438 2266 Ausonio
443 2221 545 2266 mixtum
554 2222 617 2276 quod
627 2222 747 2278 sanguine
759 2227 845 2280 surget

174 2305 249 2345 supra
257 2289 374 2345 homiues,
385 2304 460 2345 supra
469 2290 504 2336 ire
514 2290 569 2336 deos
579 2289 668 2345 pietate
678 2289 782 2350 videbis,

124 2364 162 2410 840
173 2373 217 2404 nec
227 2374 286 2413 gens
294 2358 345 2404 ullu
355 2359 410 2404 tuos
420 2373 494 2412 ecque
504 2357 632 2404 celebrabit
642 2358 765 2405 bonores.’

173 2426 260 2472 unnuit
270 2426 307 2472 his
317 2427 379 2472 Iuno
389 2428 414 2473 et
424 2427 527 2471 mentem
537 2425 628 2471 laetatu
638 2425 748 2474 retorsit.

173 2494 271 2540 Intereu
281 2494 374 2541 excedit
384 2493 449 2540 caelo
459 2493 592 2548 nubemque
603 2493 728 2547 relinquit.

201 2560 247 2606 His
257 2562 318 2608 actis
328 2561 394 2608 uliud
404 2561 506 2608 Genitor
515 2576 595 2608 secum
605 2561 655 2616 ipse
665 2561 773 2619 volutet,

173 2629 350 2684 Iuturnamque
362 2632 433 2683 purat
440 2630 525 2676 fratris
536 2629 656 2676 dimittere
665 2629 697 2676 ub
707 2631 793 2678 armis.

221 2696 227 2741 l
238 2696 290 2743 430)
