<?xml version="1.0" encoding="UTF-8"?>
<!DOCTYPE html PUBLIC "-//W3C//DTD XHTML 1.0 Transitional//EN"
    "http://www.w3.org/TR/xhtml1/DTD/xhtml1-transitional.dtd">
<html xmlns="http://www.w3.org/1999/xhtml" xml:lang="en" lang="en">
 <head>
  <title>
</title>
<meta http-equiv="Content-Type" content="text/html;charset=utf-8" />
  <meta name='ocr-system' content='tesseract 3.04.00' />
  <meta name='ocr-capabilities' content='ocr_page ocr_carea ocr_par ocr_line ocrx_word'/>
</head>
<body>
  <div class='ocr_page' id='page_1' title='image "./pvergilimaronis07virggoog/pvergilimaronis07virggoog_0182.png"; bbox 0 0 1972 3164; ppageno 0'>
   <div class='ocr_carea' id='block_1_1' title="bbox 424 181 595 222">
    <p class='ocr_par' dir='ltr' id='par_1_1' title="bbox 424 181 595 222">
     <span class='ocr_line' id='line_1_1' title="bbox 424 181 595 222; baseline 0 -2"><span class='ocrx_word' id='word_1_1' title='bbox 424 181 534 222; x_wconf 83' lang='lat' dir='ltr'>AENEIS.</span> <span class='ocrx_word' id='word_1_2' title='bbox 561 181 595 221; x_wconf 88' lang='lat'><strong>111</strong></span> 
     </span>
    </p>
   </div>
   <div class='ocr_carea' id='block_1_2' title="bbox 125 276 914 2521">
    <p class='ocr_par' dir='ltr' id='par_1_2' title="bbox 125 276 914 2521">
     <span class='ocr_line' id='line_1_2' title="bbox 171 276 848 337; baseline 0.006 -13"><span class='ocrx_word' id='word_1_3' title='bbox 171 276 320 325; x_wconf 75' lang='lat' dir='ltr'><strong>Hectoreum</strong></span> <span class='ocrx_word' id='word_1_4' title='bbox 343 278 375 324; x_wconf 85' lang='lat' dir='ltr'><strong>ad</strong></span> <span class='ocrx_word' id='word_1_5' title='bbox 397 278 528 335; x_wconf 89' lang='lat' dir='ltr'><strong>tumulum,</strong></span> <span class='ocrx_word' id='word_1_6' title='bbox 552 279 623 325; x_wconf 87' lang='lat' dir='ltr'><strong>viridi</strong></span> <span class='ocrx_word' id='word_1_7' title='bbox 647 294 717 334; x_wconf 89' lang='lat' dir='ltr'><strong>quem</strong></span> <span class='ocrx_word' id='word_1_8' title='bbox 744 279 848 337; x_wconf 82' lang='lat' dir='ltr'><strong>caespite</strong></span> 
     </span>
     <span class='ocr_line' id='line_1_3' title="bbox 226 359 324 392; baseline -0.02 0"><span class='ocrx_word' id='word_1_9' title='bbox 226 359 324 392; x_wconf 87' lang='lat' dir='ltr'><strong>manem</strong></span> 
     </span>
     <span class='ocr_line' id='line_1_4' title="bbox 170 413 777 470; baseline 0.007 -11"><span class='ocrx_word' id='word_1_10' title='bbox 170 413 197 460; x_wconf 91' lang='lat' dir='ltr'><strong>et</strong></span> <span class='ocrx_word' id='word_1_11' title='bbox 205 413 321 470; x_wconf 77' lang='lat' dir='ltr'><strong>geminas,</strong></span> <span class='ocrx_word' id='word_1_12' title='bbox 331 427 430 460; x_wconf 85' lang='lat' dir='ltr'><strong>causam</strong></span> <span class='ocrx_word' id='word_1_13' title='bbox 439 413 552 470; x_wconf 76' lang='lat' dir='ltr'>lacrimis,</span> <span class='ocrx_word' id='word_1_14' title='bbox 564 417 703 463; x_wconf 75' lang='lat' dir='ltr'><strong>sacraverat</strong></span> <span class='ocrx_word' id='word_1_15' title='bbox 713 431 777 463; x_wconf 88' lang='lat' dir='ltr'><strong>aras.</strong></span> 
     </span>
     <span class='ocr_line' id='line_1_5' title="bbox 171 480 756 538; baseline 0.007 -11"><span class='ocrx_word' id='word_1_16' title='bbox 171 480 208 528; x_wconf 89' lang='lat' dir='ltr'><strong>Ut</strong></span> <span class='ocrx_word' id='word_1_17' title='bbox 218 496 256 528; x_wconf 90' lang='lat' dir='ltr'><strong>me</strong></span> <span class='ocrx_word' id='word_1_18' title='bbox 266 482 390 538; x_wconf 75' lang='lat' dir='ltr'><strong>conspexit</strong></span> <span class='ocrx_word' id='word_1_19' title='bbox 399 481 535 530; x_wconf 84' lang='lat' dir='ltr'><strong>venientem</strong></span> <span class='ocrx_word' id='word_1_20' title='bbox 545 485 570 530; x_wconf 86' lang='lat' dir='ltr'><strong>et</strong></span> <span class='ocrx_word' id='word_1_21' title='bbox 581 483 655 530; x_wconf 85' lang='lat' dir='ltr'><strong>Troia</strong></span> <span class='ocrx_word' id='word_1_22' title='bbox 665 483 756 531; x_wconf 88' lang='lat' dir='ltr'><strong>circum</strong></span> 
     </span>
     <span class='ocr_line' id='line_1_6' title="bbox 172 550 773 609; baseline 0.003 -13"><span class='ocrx_word' id='word_1_23' title='bbox 172 565 243 596; x_wconf 87' lang='lat' dir='ltr'><strong>arma</strong></span> <span class='ocrx_word' id='word_1_24' title='bbox 252 564 335 597; x_wconf 84' lang='lat' dir='ltr'><strong>amens</strong></span> <span class='ocrx_word' id='word_1_25' title='bbox 345 550 414 607; x_wconf 85' lang='lat' dir='ltr'><strong>vidit,</strong></span> <span class='ocrx_word' id='word_1_26' title='bbox 425 551 520 609; x_wconf 79' lang='lat' dir='ltr'><strong>magnis</strong></span> <span class='ocrx_word' id='word_1_27' title='bbox 530 551 649 598; x_wconf 88' lang='lat' dir='ltr'><strong>exterrita</strong></span> <span class='ocrx_word' id='word_1_28' title='bbox 657 551 773 598; x_wconf 79' lang='lat' dir='ltr'><strong>monstris</strong></span> 
     </span>
     <span class='ocr_line' id='line_1_7' title="bbox 171 617 727 676; baseline 0.005 -12"><span class='ocrx_word' id='word_1_29' title='bbox 171 617 279 674; x_wconf 75' lang='lat' dir='ltr'><strong>deriguit</strong></span> <span class='ocrx_word' id='word_1_30' title='bbox 288 618 342 664; x_wconf 81' lang='lat' dir='ltr'><strong>risu</strong></span> <span class='ocrx_word' id='word_1_31' title='bbox 351 618 377 664; x_wconf 88' lang='lat' dir='ltr'><strong>in</strong></span> <span class='ocrx_word' id='word_1_32' title='bbox 386 618 472 675; x_wconf 92' lang='lat' dir='ltr'><strong>medio,</strong></span> <span class='ocrx_word' id='word_1_33' title='bbox 483 619 549 666; x_wconf 87' lang='lat' dir='ltr'><strong>calor</strong></span> <span class='ocrx_word' id='word_1_34' title='bbox 558 634 613 666; x_wconf 86' lang='lat' dir='ltr'><strong>ossa</strong></span> <span class='ocrx_word' id='word_1_35' title='bbox 620 619 727 676; x_wconf 90' lang='lat' dir='ltr'><strong>reliquit,</strong></span> 
     </span>
     <span class='ocr_line' id='line_1_8' title="bbox 171 685 751 743; baseline 0.005 -11"><span class='ocrx_word' id='word_1_36' title='bbox 171 685 271 743; x_wconf 88' lang='lat' dir='ltr'><strong>labitur,</strong></span> <span class='ocrx_word' id='word_1_37' title='bbox 281 687 307 733; x_wconf 90' lang='lat' dir='ltr'><strong>et</strong></span> <span class='ocrx_word' id='word_1_38' title='bbox 316 686 388 743; x_wconf 74' lang='lat' dir='ltr'><strong>longo</strong></span> <span class='ocrx_word' id='word_1_39' title='bbox 397 687 438 733; x_wconf 86' lang='lat' dir='ltr'><strong>vix</strong></span> <span class='ocrx_word' id='word_1_40' title='bbox 447 688 546 734; x_wconf 90' lang='lat' dir='ltr'><strong>tandem</strong></span> <span class='ocrx_word' id='word_1_41' title='bbox 556 689 664 743; x_wconf 88' lang='lat' dir='ltr'><strong>tempore</strong></span> <span class='ocrx_word' id='word_1_42' title='bbox 674 687 751 735; x_wconf 80' lang='lat' dir='ltr'><strong>fatur.</strong></span> 
     </span>
     <span class='ocr_line' id='line_1_9' title="bbox 125 753 775 815; baseline -0.002 -11"><span class='ocrx_word' id='word_1_43' title='bbox 125 775 163 815; x_wconf 79' lang='lat'><strong>310</strong></span> <span class='ocrx_word' id='word_1_44' title='bbox 173 753 190 776; x_wconf 92' lang='lat'>“</span> <span class='ocrx_word' id='word_1_45' title='bbox 199 755 296 802; x_wconf 81' lang='lat' dir='ltr'><strong>Verane</strong></span> <span class='ocrx_word' id='word_1_46' title='bbox 305 756 331 801; x_wconf 87' lang='lat' dir='ltr'><strong>te</strong></span> <span class='ocrx_word' id='word_1_47' title='bbox 340 754 423 812; x_wconf 79' lang='lat' dir='ltr'><strong>facies,</strong></span> <span class='ocrx_word' id='word_1_48' title='bbox 434 770 505 802; x_wconf 84' lang='lat' dir='ltr'><strong>verus</strong></span> <span class='ocrx_word' id='word_1_49' title='bbox 514 756 574 802; x_wconf 91' lang='lat' dir='ltr'><strong>mihi</strong></span> <span class='ocrx_word' id='word_1_50' title='bbox 583 757 683 803; x_wconf 90' lang='lat' dir='ltr'><strong>nuntius</strong></span> <span class='ocrx_word' id='word_1_51' title='bbox 693 757 775 813; x_wconf 82' lang='lat' dir='ltr'><strong>affers,</strong></span> 
     </span>
     <span class='ocr_line' id='line_1_10' title="bbox 172 823 774 881; baseline 0.002 -12"><span class='ocrx_word' id='word_1_52' title='bbox 172 824 231 869; x_wconf 86' lang='lat' dir='ltr'><strong>uate</strong></span> <span class='ocrx_word' id='word_1_53' title='bbox 241 823 302 870; x_wconf 78' lang='lat' dir='ltr'><strong>dea?</strong></span> <span class='ocrx_word' id='word_1_54' title='bbox 314 823 424 870; x_wconf 81' lang='lat' dir='ltr'><strong>vivisne?</strong></span> <span class='ocrx_word' id='word_1_55' title='bbox 451 826 503 880; x_wconf 89' lang='lat' dir='ltr'><strong>aut,</strong></span> <span class='ocrx_word' id='word_1_56' title='bbox 514 823 535 870; x_wconf 92' lang='lat' dir='ltr'><strong>si</strong></span> <span class='ocrx_word' id='word_1_57' title='bbox 541 824 584 870; x_wconf 81' lang='lat' dir='ltr'><strong>lux</strong></span> <span class='ocrx_word' id='word_1_58' title='bbox 593 824 658 871; x_wconf 84' lang='lat' dir='ltr'><strong>alma</strong></span> <span class='ocrx_word' id='word_1_59' title='bbox 668 825 774 881; x_wconf 87' lang='lat' dir='ltr'><strong>recessit,</strong></span> 
     </span>
     <span class='ocr_line' id='line_1_11' title="bbox 172 891 849 949; baseline 0.001 -12"><span class='ocrx_word' id='word_1_60' title='bbox 172 891 268 938; x_wconf 88' lang='lat' dir='ltr'><strong>Hector</strong></span> <span class='ocrx_word' id='word_1_61' title='bbox 286 891 329 937; x_wconf 90' lang='lat' dir='ltr'><strong>ubi</strong></span> <span class='ocrx_word' id='word_1_62' title='bbox 347 892 425 939; x_wconf 77' lang='lat' dir='ltr'><strong>est?’&#39;</strong></span> <span class='ocrx_word' id='word_1_63' title='bbox 447 891 516 949; x_wconf 84' lang='lat' dir='ltr'><strong>dixit,</strong></span> <span class='ocrx_word' id='word_1_64' title='bbox 536 892 694 948; x_wconf 77' lang='lat' dir='ltr'><strong>lacrimasque</strong></span> <span class='ocrx_word' id='word_1_65' title='bbox 713 893 800 940; x_wconf 84' lang='lat' dir='ltr'><strong>effudit</strong></span> <span class='ocrx_word' id='word_1_66' title='bbox 823 893 849 939; x_wconf 89' lang='lat' dir='ltr'><strong>et</strong></span> 
     </span>
     <span class='ocr_line' id='line_1_12' title="bbox 229 974 325 1006; baseline -0.01 0"><span class='ocrx_word' id='word_1_67' title='bbox 229 974 325 1006; x_wconf 91' lang='lat' dir='ltr'><strong>omnem</strong></span> 
     </span>
     <span class='ocr_line' id='line_1_13' title="bbox 172 1027 760 1084; baseline 0.002 -10"><span class='ocrx_word' id='word_1_68' title='bbox 172 1027 283 1084; x_wconf 86' lang='lat' dir='ltr'><strong>implevit</strong></span> <span class='ocrx_word' id='word_1_69' title='bbox 293 1029 397 1076; x_wconf 90' lang='lat' dir='ltr'><strong>clamore</strong></span> <span class='ocrx_word' id='word_1_70' title='bbox 406 1028 493 1076; x_wconf 91' lang='lat' dir='ltr'><strong>locum.</strong></span> <span class='ocrx_word' id='word_1_71' title='bbox 523 1028 572 1076; x_wconf 88' lang='lat' dir='ltr'><strong>Vix</strong></span> <span class='ocrx_word' id='word_1_72' title='bbox 581 1044 658 1084; x_wconf 84' lang='lat' dir='ltr'><strong>pauca</strong></span> <span class='ocrx_word' id='word_1_73' title='bbox 667 1029 760 1076; x_wconf 78' lang='lat' dir='ltr'><strong>furenti</strong></span> 
     </span>
     <span class='ocr_line' id='line_1_14' title="bbox 173 1096 702 1144; baseline 0 0"><span class='ocrx_word' id='word_1_74' title='bbox 173 1096 273 1144; x_wconf 88' lang='lat' dir='ltr'><strong>subiicio</strong></span> <span class='ocrx_word' id='word_1_75' title='bbox 282 1098 307 1143; x_wconf 87' lang='lat' dir='ltr'><strong>et</strong></span> <span class='ocrx_word' id='word_1_76' title='bbox 317 1096 379 1144; x_wconf 85' lang='lat' dir='ltr'><strong>raris</strong></span> <span class='ocrx_word' id='word_1_77' title='bbox 389 1097 503 1143; x_wconf 88' lang='lat' dir='ltr'><strong>turbatus</strong></span> <span class='ocrx_word' id='word_1_78' title='bbox 512 1096 609 1144; x_wconf 86' lang='lat' dir='ltr'><strong>vocibus</strong></span> <span class='ocrx_word' id='word_1_79' title='bbox 619 1096 686 1144; x_wconf 85' lang='lat' dir='ltr'><strong>hisco</strong></span> <span class='ocrx_word' id='word_1_80' title='bbox 697 1118 702 1144; x_wconf 71' lang='grc' dir='ltr'><strong>ε</strong></span> 
     </span>
     <span class='ocr_line' id='line_1_15' title="bbox 173 1163 853 1222; baseline -0.001 -9"><span class='ocrx_word' id='word_1_81' title='bbox 173 1164 190 1187; x_wconf 91' lang='lat'>“</span> <span class='ocrx_word' id='word_1_82' title='bbox 198 1165 261 1213; x_wconf 84' lang='lat' dir='ltr'><strong>Vivo</strong></span> <span class='ocrx_word' id='word_1_83' title='bbox 284 1165 401 1222; x_wconf 83' lang='lat' dir='ltr'><strong>equidem,</strong></span> <span class='ocrx_word' id='word_1_84' title='bbox 424 1166 547 1221; x_wconf 84' lang='lat' dir='ltr'><strong>vitamque</strong></span> <span class='ocrx_word' id='word_1_85' title='bbox 573 1167 682 1212; x_wconf 86' lang='lat' dir='ltr'><strong>extrema</strong></span> <span class='ocrx_word' id='word_1_86' title='bbox 704 1179 747 1221; x_wconf 85' lang='lat' dir='ltr'><strong>per</strong></span> <span class='ocrx_word' id='word_1_87' title='bbox 771 1163 853 1212; x_wconf 89' lang='lat' dir='ltr'><strong>omnia</strong></span> 
     </span>
     <span class='ocr_line' id='line_1_16' title="bbox 230 1233 307 1290; baseline 0.013 -11"><span class='ocrx_word' id='word_1_88' title='bbox 230 1233 291 1280; x_wconf 92' lang='lat' dir='ltr'><strong>duco</strong></span> <span class='ocrx_word' id='word_1_89' title='bbox 300 1253 307 1290; x_wconf 73' lang='grc' dir='ltr'><strong><em>ς</em></strong></span> 
     </span>
     <span class='ocr_line' id='line_1_17' title="bbox 173 1301 528 1359; baseline 0 -10"><span class='ocrx_word' id='word_1_90' title='bbox 173 1317 206 1349; x_wconf 90' lang='lat' dir='ltr'><strong>ne</strong></span> <span class='ocrx_word' id='word_1_91' title='bbox 215 1301 308 1359; x_wconf 89' lang='lat' dir='ltr'><strong>dubita,</strong></span> <span class='ocrx_word' id='word_1_92' title='bbox 318 1318 375 1349; x_wconf 91' lang='lat' dir='ltr'><strong>nam</strong></span> <span class='ocrx_word' id='word_1_93' title='bbox 385 1318 444 1350; x_wconf 86' lang='lat' dir='ltr'><strong>vera</strong></span> <span class='ocrx_word' id='word_1_94' title='bbox 453 1302 528 1350; x_wconf 84' lang='lat' dir='ltr'><strong>vides.</strong></span> 
     </span>
     <span class='ocr_line' id='line_1_18' title="bbox 174 1369 726 1426; baseline -0.004 -9"><span class='ocrx_word' id='word_1_95' title='bbox 174 1370 233 1417; x_wconf 91' lang='lat' dir='ltr'><strong>Heu</strong></span> <span class='ocrx_word' id='word_1_96' title='bbox 242 1370 295 1426; x_wconf 89' lang='lat' dir='ltr'><strong>quis</strong></span> <span class='ocrx_word' id='word_1_97' title='bbox 304 1372 329 1417; x_wconf 86' lang='lat' dir='ltr'><strong>te</strong></span> <span class='ocrx_word' id='word_1_98' title='bbox 339 1386 409 1418; x_wconf 85' lang='lat' dir='ltr'><strong>casus</strong></span> <span class='ocrx_word' id='word_1_99' title='bbox 419 1371 536 1418; x_wconf 89' lang='lat' dir='ltr'><strong>deiectam</strong></span> <span class='ocrx_word' id='word_1_100' title='bbox 546 1369 646 1425; x_wconf 74' lang='lat' dir='ltr'><strong>coniuge</strong></span> <span class='ocrx_word' id='word_1_101' title='bbox 655 1369 726 1416; x_wconf 90' lang='lat' dir='ltr'><strong>tanto</strong></span> 
     </span>
     <span class='ocr_line' id='line_1_19' title="bbox 173 1437 769 1498; baseline -0.003 -13"><span class='ocrx_word' id='word_1_102' title='bbox 173 1438 272 1495; x_wconf 85' lang='lat' dir='ltr'><strong>excipit,</strong></span> <span class='ocrx_word' id='word_1_103' title='bbox 282 1440 327 1486; x_wconf 87' lang='lat' dir='ltr'><strong>aut</strong></span> <span class='ocrx_word' id='word_1_104' title='bbox 336 1454 396 1494; x_wconf 87' lang='lat' dir='ltr'><strong>quae</strong></span> <span class='ocrx_word' id='word_1_105' title='bbox 406 1439 481 1498; x_wconf 79' lang='lat' dir='ltr'><strong>digna</strong></span> <span class='ocrx_word' id='word_1_106' title='bbox 490 1439 549 1486; x_wconf 85' lang='lat' dir='ltr'><strong>satis</strong></span> <span class='ocrx_word' id='word_1_107' title='bbox 559 1438 660 1485; x_wconf 82' lang='lat' dir='ltr'><strong>fortuna</strong></span> <span class='ocrx_word' id='word_1_108' title='bbox 668 1437 769 1485; x_wconf 79' lang='lat' dir='ltr'><strong>revisit?</strong></span> 
     </span>
     <span class='ocr_line' id='line_1_20' title="bbox 175 1505 837 1564; baseline 0 -12"><span class='ocrx_word' id='word_1_109' title='bbox 175 1505 295 1554; x_wconf 87' lang='lat' dir='ltr'><strong>Hectoris</strong></span> <span class='ocrx_word' id='word_1_110' title='bbox 304 1507 472 1554; x_wconf 81' lang='lat' dir='ltr'><strong>Andromache</strong></span> <span class='ocrx_word' id='word_1_111' title='bbox 482 1507 594 1564; x_wconf 83' lang='lat' dir='ltr'><strong>Pyrrhin’</strong></span> <span class='ocrx_word' id='word_1_112' title='bbox 606 1506 708 1554; x_wconf 85' lang='lat' dir='ltr'><strong>conubia</strong></span> <span class='ocrx_word' id='word_1_113' title='bbox 717 1520 799 1552; x_wconf 87' lang='lat' dir='ltr'><strong>servas</strong></span> <span class='ocrx_word' id='word_1_114' title='bbox 807 1505 837 1552; x_wconf 80' lang='lat'><strong>?’&#39;</strong></span> 
     </span>
     <span class='ocr_line' id='line_1_21' title="bbox 128 1575 914 1636; baseline -0.003 -14"><span class='ocrx_word' id='word_1_115' title='bbox 128 1575 272 1636; x_wconf 72' lang='lat' dir='ltr'><strong>320Deiecit</strong></span> <span class='ocrx_word' id='word_1_116' title='bbox 281 1575 377 1622; x_wconf 82' lang='lat' dir='ltr'><strong>vultum</strong></span> <span class='ocrx_word' id='word_1_117' title='bbox 387 1577 412 1622; x_wconf 90' lang='lat' dir='ltr'><strong>et</strong></span> <span class='ocrx_word' id='word_1_118' title='bbox 421 1576 525 1622; x_wconf 89' lang='lat' dir='ltr'><strong>demissa</strong></span> <span class='ocrx_word' id='word_1_119' title='bbox 534 1590 591 1622; x_wconf 79' lang='lat' dir='ltr'><strong>voce</strong></span> <span class='ocrx_word' id='word_1_120' title='bbox 601 1575 682 1622; x_wconf 90' lang='lat' dir='ltr'><strong>locuta</strong></span> <span class='ocrx_word' id='word_1_121' title='bbox 691 1575 744 1621; x_wconf 83' lang='lat' dir='ltr'><strong>est:</strong></span> <span class='ocrx_word' id='word_1_122' title='bbox 912 1585 914 1588; x_wconf 88' lang='grc'><strong><em>·</em></strong></span> 
     </span>
     <span class='ocr_line' id='line_1_22' title="bbox 177 1643 702 1699; baseline -0.002 -9"><span class='ocrx_word' id='word_1_123' title='bbox 177 1643 193 1665; x_wconf 90' lang='grc'>“</span> <span class='ocrx_word' id='word_1_124' title='bbox 201 1643 223 1690; x_wconf 91' lang='grc'>0</span> <span class='ocrx_word' id='word_1_125' title='bbox 232 1643 291 1690; x_wconf 87' lang='lat' dir='ltr'><strong>felix</strong></span> <span class='ocrx_word' id='word_1_126' title='bbox 300 1659 350 1691; x_wconf 91' lang='lat' dir='ltr'><strong>una</strong></span> <span class='ocrx_word' id='word_1_127' title='bbox 358 1646 416 1691; x_wconf 88' lang='lat' dir='ltr'><strong>ante</strong></span> <span class='ocrx_word' id='word_1_128' title='bbox 425 1644 485 1691; x_wconf 86' lang='lat' dir='ltr'><strong>alias</strong></span> <span class='ocrx_word' id='word_1_129' title='bbox 496 1643 616 1690; x_wconf 78' lang='lat' dir='ltr'><strong>Priameia</strong></span> <span class='ocrx_word' id='word_1_130' title='bbox 625 1643 702 1699; x_wconf 77' lang='lat' dir='ltr'><strong>virgo,</strong></span> 
     </span>
     <span class='ocr_line' id='line_1_23' title="bbox 175 1709 814 1760; baseline -0.005 -1"><span class='ocrx_word' id='word_1_131' title='bbox 175 1711 289 1760; x_wconf 83' lang='lat' dir='ltr'><strong>hostilem</strong></span> <span class='ocrx_word' id='word_1_132' title='bbox 298 1712 330 1759; x_wconf 88' lang='lat' dir='ltr'><strong>ud</strong></span> <span class='ocrx_word' id='word_1_133' title='bbox 340 1712 462 1759; x_wconf 86' lang='lat' dir='ltr'><strong>tumulum</strong></span> <span class='ocrx_word' id='word_1_134' title='bbox 473 1712 560 1759; x_wconf 88' lang='lat' dir='ltr'><strong>Troiae</strong></span> <span class='ocrx_word' id='word_1_135' title='bbox 570 1711 616 1758; x_wconf 91' lang='lat' dir='ltr'><strong>sub</strong></span> <span class='ocrx_word' id='word_1_136' title='bbox 625 1711 748 1758; x_wconf 90' lang='lat' dir='ltr'><strong>moenibus</strong></span> <span class='ocrx_word' id='word_1_137' title='bbox 758 1709 814 1757; x_wconf 86' lang='lat' dir='ltr'><strong>altis</strong></span> 
     </span>
     <span class='ocr_line' id='line_1_24' title="bbox 174 1779 740 1846; baseline -0.004 -18"><span class='ocrx_word' id='word_1_138' title='bbox 174 1782 242 1828; x_wconf 87' lang='lat' dir='ltr'><strong>iussa</strong></span> <span class='ocrx_word' id='word_1_139' title='bbox 250 1781 320 1837; x_wconf 91' lang='lat' dir='ltr'><strong>mori,</strong></span> <span class='ocrx_word' id='word_1_140' title='bbox 330 1795 391 1836; x_wconf 88' lang='lat' dir='ltr'><strong>quae</strong></span> <span class='ocrx_word' id='word_1_141' title='bbox 401 1780 501 1828; x_wconf 84' lang='lat' dir='ltr'><strong>sortitus</strong></span> <span class='ocrx_word' id='word_1_142' title='bbox 510 1795 559 1827; x_wconf 92' lang='lat' dir='ltr'><strong>non</strong></span> <span class='ocrx_word' id='word_1_143' title='bbox 569 1779 669 1835; x_wconf 84' lang='lat' dir='ltr'><strong>pertulit</strong></span> <span class='ocrx_word' id='word_1_144' title='bbox 678 1780 740 1846; x_wconf 89' lang='lat' dir='ltr'><strong>ullos</strong></span> 
     </span>
     <span class='ocr_line' id='line_1_25' title="bbox 175 1848 688 1905; baseline 0 -9"><span class='ocrx_word' id='word_1_145' title='bbox 175 1864 221 1896; x_wconf 89' lang='lat' dir='ltr'><strong>nec</strong></span> <span class='ocrx_word' id='word_1_146' title='bbox 230 1849 328 1898; x_wconf 83' lang='lat' dir='ltr'><strong>victoris</strong></span> <span class='ocrx_word' id='word_1_147' title='bbox 338 1849 390 1896; x_wconf 88' lang='lat' dir='ltr'><strong>heri</strong></span> <span class='ocrx_word' id='word_1_148' title='bbox 398 1849 482 1905; x_wconf 72' lang='lat' dir='ltr'><strong>tetigit</strong></span> <span class='ocrx_word' id='word_1_149' title='bbox 491 1848 587 1904; x_wconf 87' lang='lat' dir='ltr'><strong>captiva</strong></span> <span class='ocrx_word' id='word_1_150' title='bbox 596 1848 673 1896; x_wconf 88' lang='lat' dir='ltr'><strong>cubile</strong></span> <span class='ocrx_word' id='word_1_151' title='bbox 683 1851 688 1895; x_wconf 84' lang='lat' dir='ltr'><strong>l</strong></span> 
     </span>
     <span class='ocr_line' id='line_1_26' title="bbox 176 1917 789 1973; baseline -0.003 -8"><span class='ocrx_word' id='word_1_152' title='bbox 176 1917 228 1965; x_wconf 88' lang='lat' dir='ltr'><strong>Nos</strong></span> <span class='ocrx_word' id='word_1_153' title='bbox 238 1917 319 1973; x_wconf 84' lang='lat' dir='ltr'><strong>patria</strong></span> <span class='ocrx_word' id='word_1_154' title='bbox 327 1917 426 1964; x_wconf 89' lang='lat' dir='ltr'><strong>incensa</strong></span> <span class='ocrx_word' id='word_1_155' title='bbox 434 1917 530 1964; x_wconf 87' lang='lat' dir='ltr'><strong>diversa</strong></span> <span class='ocrx_word' id='word_1_156' title='bbox 539 1931 582 1972; x_wconf 87' lang='lat' dir='ltr'><strong>per</strong></span> <span class='ocrx_word' id='word_1_157' title='bbox 592 1932 695 1972; x_wconf 82' lang='lat' dir='ltr'><strong>aequora</strong></span> <span class='ocrx_word' id='word_1_158' title='bbox 704 1919 789 1964; x_wconf 85' lang='lat' dir='ltr'><strong>vectae</strong></span> 
     </span>
     <span class='ocr_line' id='line_1_27' title="bbox 175 1984 795 2041; baseline -0.006 -7"><span class='ocrx_word' id='word_1_159' title='bbox 175 1986 260 2041; x_wconf 84' lang='lat' dir='ltr'><strong>stirpis</strong></span> <span class='ocrx_word' id='word_1_160' title='bbox 269 1985 392 2033; x_wconf 86' lang='lat' dir='ltr'><strong>Achilleae</strong></span> <span class='ocrx_word' id='word_1_161' title='bbox 402 1985 481 2031; x_wconf 78' lang='lat' dir='ltr'><strong>fastus</strong></span> <span class='ocrx_word' id='word_1_162' title='bbox 490 1985 647 2040; x_wconf 79' lang='lat' dir='ltr'><strong>iuvenemque</strong></span> <span class='ocrx_word' id='word_1_163' title='bbox 656 1984 795 2040; x_wconf 87' lang='lat' dir='ltr'><strong>superbum,</strong></span> 
     </span>
     <span class='ocr_line' id='line_1_28' title="bbox 175 2053 748 2111; baseline -0.005 -10"><span class='ocrx_word' id='word_1_164' title='bbox 175 2054 275 2102; x_wconf 83' lang='lat' dir='ltr'><strong>servitio</strong></span> <span class='ocrx_word' id='word_1_165' title='bbox 284 2054 376 2111; x_wconf 86' lang='lat' dir='ltr'><strong>enixae,</strong></span> <span class='ocrx_word' id='word_1_166' title='bbox 386 2053 496 2110; x_wconf 87' lang='lat' dir='ltr'><strong>tulimus,</strong></span> <span class='ocrx_word' id='word_1_167' title='bbox 506 2054 548 2109; x_wconf 87' lang='lat' dir='ltr'><strong>qui</strong></span> <span class='ocrx_word' id='word_1_168' title='bbox 557 2053 642 2100; x_wconf 87' lang='lat' dir='ltr'><strong>deinde</strong></span> <span class='ocrx_word' id='word_1_169' title='bbox 651 2053 748 2100; x_wconf 88' lang='lat' dir='ltr'><strong>secutus</strong></span> 
     </span>
     <span class='ocr_line' id='line_1_29' title="bbox 175 2120 853 2175; baseline -0.006 -6"><span class='ocrx_word' id='word_1_170' title='bbox 175 2123 297 2170; x_wconf 89' lang='lat' dir='ltr'><strong>Ledaeam</strong></span> <span class='ocrx_word' id='word_1_171' title='bbox 302 2122 450 2169; x_wconf 89' lang='lat' dir='ltr'><strong>Hermionen</strong></span> <span class='ocrx_word' id='word_1_172' title='bbox 457 2121 701 2175; x_wconf 86' lang='lat' dir='ltr'><strong>Lacedaemoniosque</strong></span> <span class='ocrx_word' id='word_1_173' title='bbox 709 2120 853 2174; x_wconf 77' lang='lat' dir='ltr'><strong>hymenaeos</strong></span> 
     </span>
     <span class='ocr_line' id='line_1_30' title="bbox 176 2186 854 2246; baseline -0.006 -9"><span class='ocrx_word' id='word_1_174' title='bbox 176 2205 216 2237; x_wconf 90' lang='lat' dir='ltr'><strong>me</strong></span> <span class='ocrx_word' id='word_1_175' title='bbox 230 2190 322 2237; x_wconf 82' lang='lat' dir='ltr'><strong>famulo</strong></span> <span class='ocrx_word' id='word_1_176' title='bbox 334 2190 498 2246; x_wconf 81' lang='lat' dir='ltr'><strong>famulamque</strong></span> <span class='ocrx_word' id='word_1_177' title='bbox 512 2189 605 2238; x_wconf 90' lang='lat' dir='ltr'><strong>Heleno</strong></span> <span class='ocrx_word' id='word_1_178' title='bbox 617 2187 753 2236; x_wconf 84' lang='lat' dir='ltr'><strong>transmisit</strong></span> <span class='ocrx_word' id='word_1_179' title='bbox 765 2186 854 2234; x_wconf 88' lang='lat' dir='ltr'><strong>haben-</strong></span> 
     </span>
     <span class='ocr_line' id='line_1_31' title="bbox 235 2259 299 2307; baseline 0.016 -1"><span class='ocrx_word' id='word_1_180' title='bbox 235 2259 299 2307; x_wconf 89' lang='lat' dir='ltr'><strong>dam.</strong></span> 
     </span>
     <span class='ocr_line' id='line_1_32' title="bbox 128 2326 755 2394; baseline -0.008 -19"><span class='ocrx_word' id='word_1_181' title='bbox 128 2355 168 2394; x_wconf 82' lang='lat'><strong>330</strong></span> <span class='ocrx_word' id='word_1_182' title='bbox 178 2328 227 2375; x_wconf 83' lang='lat' dir='ltr'><strong>Ast</strong></span> <span class='ocrx_word' id='word_1_183' title='bbox 235 2327 312 2385; x_wconf 90' lang='lat' dir='ltr'><strong>illum,</strong></span> <span class='ocrx_word' id='word_1_184' title='bbox 323 2328 420 2383; x_wconf 85' lang='lat' dir='ltr'><strong>ereptae</strong></span> <span class='ocrx_word' id='word_1_185' title='bbox 430 2342 517 2384; x_wconf 76' lang='lat' dir='ltr'><strong>magno</strong></span> <span class='ocrx_word' id='word_1_186' title='bbox 527 2326 664 2373; x_wconf 85' lang='lat' dir='ltr'><strong>flammatus</strong></span> <span class='ocrx_word' id='word_1_187' title='bbox 674 2339 755 2370; x_wconf 88' lang='lat' dir='ltr'><strong>amore</strong></span> 
     </span>
     <span class='ocr_line' id='line_1_33' title="bbox 178 2392 761 2452; baseline -0.009 -9"><span class='ocrx_word' id='word_1_188' title='bbox 178 2396 286 2452; x_wconf 77' lang='lat' dir='ltr'><strong>coniugis</strong></span> <span class='ocrx_word' id='word_1_189' title='bbox 296 2398 321 2443; x_wconf 91' lang='lat' dir='ltr'><strong>et</strong></span> <span class='ocrx_word' id='word_1_190' title='bbox 331 2396 447 2444; x_wconf 90' lang='lat' dir='ltr'><strong>scelerum</strong></span> <span class='ocrx_word' id='word_1_191' title='bbox 456 2394 527 2442; x_wconf 80' lang='lat' dir='ltr'><strong>iuriis</strong></span> <span class='ocrx_word' id='word_1_192' title='bbox 536 2395 653 2451; x_wconf 73' lang='lat' dir='ltr'><strong>agitatus,</strong></span> <span class='ocrx_word' id='word_1_193' title='bbox 662 2392 761 2440; x_wconf 84' lang='lat' dir='ltr'><strong>Orestes</strong></span> 
     </span>
     <span class='ocr_line' id='line_1_34' title="bbox 177 2460 804 2521; baseline -0.011 -8"><span class='ocrx_word' id='word_1_194' title='bbox 177 2464 268 2521; x_wconf 86' lang='lat' dir='ltr'><strong>excipit</strong></span> <span class='ocrx_word' id='word_1_195' title='bbox 276 2465 404 2513; x_wconf 86' lang='lat' dir='ltr'><strong>incautum</strong></span> <span class='ocrx_word' id='word_1_196' title='bbox 413 2464 553 2521; x_wconf 87' lang='lat' dir='ltr'><strong>patriasque</strong></span> <span class='ocrx_word' id='word_1_197' title='bbox 562 2461 691 2510; x_wconf 86' lang='lat' dir='ltr'><strong>obtruncat</strong></span> <span class='ocrx_word' id='word_1_198' title='bbox 701 2460 732 2507; x_wconf 91' lang='lat' dir='ltr'><strong>ad</strong></span> <span class='ocrx_word' id='word_1_199' title='bbox 741 2474 804 2507; x_wconf 86' lang='lat' dir='ltr'><strong>aras.</strong></span> 
     </span>
    </p>
   </div>
   <div class='ocr_carea' id='block_1_3' title="bbox 227 2533 298 2584">
    <p class='ocr_par' dir='ltr' id='par_1_3' title="bbox 227 2533 298 2584">
     <span class='ocr_line' id='line_1_35' title="bbox 227 2533 298 2584; baseline -0.014 0"><span class='ocrx_word' id='word_1_200' title='bbox 227 2533 298 2584; x_wconf 82' lang='lat'>(173)</span> 
     </span>
    </p>
   </div>
   <div class='ocr_carea' id='block_1_4' title="bbox 0 0 999 3164">
    <p class='ocr_par' dir='ltr' id='par_1_4' title="bbox 0 0 999 3164">
     <span class='ocr_line' id='line_1_36' title="bbox 0 0 999 3164; baseline 0 0"><span class='ocrx_word' id='word_1_201' title='bbox 0 0 999 3164; x_wconf 95' lang='lat' dir='ltr'><strong> </strong></span> 
     </span>
    </p>
   </div>
  </div>
 </body>
</html>
