1972 3164
387 176 537 217 GEORGIOA.
561 178 573 218 I

172 273 225 321 Nec
234 272 326 330 tamen,
333 271 392 321 haee
402 288 457 321 cnm
464 273 513 322 sint
521 274 691 330 hominumque
701 274 820 333 boumque

202 340 296 388 labores

142 409 265 458 versando
273 410 366 456 terram
376 409 478 467 experti,
489 409 549 456 nihil
559 408 682 465 improbus
692 427 765 460 anser

96 495 131 522 ιω
144 477 346 534 Strymoniaeque
356 493 428 534 grues
438 479 463 525 et
472 479 562 525 amaria
573 478 659 526 intuba
668 480 736 527 fibris

142 546 254 594 officiunt
263 548 307 593 ant
316 546 404 593 umbra
413 549 491 594 nocet.
522 547 598 594 Pater
610 547 660 604 ipse
670 549 764 596 colendi

142 615 211 664 haud
217 615 313 663 facilem
321 629 372 662 esse
378 615 443 661 viam
449 615 534 673 voluit,
540 616 680 672 primusque
688 633 731 673 per
740 619 820 666 artem

142 684 221 731 movit
230 699 301 741 agros
312 683 376 731 curis
386 698 474 730 acuens
483 683 596 731 mortalia
606 686 685 742 corda,

142 767 190 800 nec
198 754 295 808 torpere
303 750 374 808 gravi
383 766 468 807 passus
476 767 520 798 sua
528 767 605 809 regna
614 755 721 802 veterno.

142 821 211 868 Ante
220 821 303 868 Iovem
313 819 375 866 nulli
384 819 526 876 subigebant
536 836 596 867 arva
606 821 682 868 coloni
690 841 697 879 ;

143 905 175 937 ne
185 889 281 946 signare
291 887 386 944 quidem
396 889 440 934 ant
450 888 537 943 partiri
546 888 623 937 limite
633 905 746 946 eampum

142 958 183 1005 fas
192 959 260 1004 erat:
274 957 299 1003 in
309 955 414 1003 medium
424 956 580 1014 quaerebant,
588 957 687 1014 ipsaque
696 959 770 1007 tellus

142 1025 227 1074 omnia
235 1025 332 1073 liberius
342 1024 410 1071 nullo
419 1028 531 1080 poscente
541 1025 644 1073 ferebat.

143 1095 190 1142 Ille
200 1093 292 1141 malum
301 1093 368 1139 virus
377 1093 530 1148 serpentibus
540 1094 632 1140 addidit
642 1094 712 1151 atris,

96 1179 133 1216 130
143 1161 302 1218 praedarique
311 1161 380 1217 lupos
389 1161 468 1218 iussit,
475 1162 622 1218 pontumque
629 1163 728 1219 moveri,

143 1230 263 1286 mellaque
273 1229 378 1277 decussit
387 1229 459 1287 foliis,
469 1229 596 1287 ignemque
605 1231 716 1286 removit,

142 1301 169 1347 et
179 1299 268 1354 passim
277 1297 335 1344 rivis
345 1297 469 1345 currentia
477 1297 535 1345 vina
544 1299 668 1355 repressit,

143 1368 173 1414 nt
183 1367 263 1413 varias
272 1382 330 1413 usus
340 1365 478 1414 meditando
485 1366 630 1413 extunderet
640 1368 705 1413 artes

143 1435 264 1492 paulatim
273 1437 298 1482 et
308 1435 380 1482 sulcis
389 1433 509 1482 frumenti
518 1436 644 1489 quaereret
654 1434 761 1490 herbam,

143 1505 174 1550 ut
184 1503 255 1550 silicia
265 1503 331 1550 venis
341 1503 481 1553 abstrusum
491 1503 622 1550 excuderet
630 1503 719 1560 ignem.

143 1572 215 1619 Tunc
225 1571 291 1618 alnos
301 1571 406 1628 primum
417 1571 484 1617 fluvii
494 1586 589 1618 sensere
598 1573 711 1628 cavatas;

142 1640 230 1688 navita
238 1641 292 1687 tum
303 1640 379 1687 stellis
389 1654 503 1687 numeros
513 1641 538 1687 et
547 1640 647 1688 nomina
656 1641 715 1688 feeit

142 1708 265 1766 Pleiadas,
275 1708 385 1765 Hyadas,
397 1707 535 1764 claramque
545 1709 663 1764 Lycaonis
671 1709 764 1757 Arcton
773 1730 779 1768 ;

143 1779 199 1824 tum
209 1776 300 1832 lmusis
310 1778 408 1832 captare
418 1776 484 1824 feras
493 1778 518 1823 et
527 1777 612 1824 fallere
622 1778 686 1825 visco

96 1864 132 1900 ¹⁴0
143 1845 271 1893 inventum
281 1847 306 1892 et
316 1860 416 1901 magnos
427 1845 526 1892 canibus
537 1845 687 1893 circumdare
696 1845 773 1893 saltus
782 1865 789 1902 ;

142 1916 217 1970 atque
226 1913 289 1960 alius
298 1913 376 1960 latum
386 1913 464 1960 funda
472 1913 518 1960 iam
530 1914 642 1961 verberat
650 1930 754 1971 amnem,

142 1982 196 2030 alta
202 1983 296 2039 petens,
305 1981 436 2038 pelagoque
446 1982 508 2029 alius
517 1981 596 2029 trahit
603 1983 685 2029 umida
693 1982 759 2039 lina3

141 2053 197 2098 tum
207 2051 268 2098 ferri
274 2051 341 2107 rigor
350 2053 422 2108 aeque
433 2053 534 2108 argutae
544 2050 634 2097 lamina
644 2065 723 2097 serrae

142 2121 210 2176 (nam
220 2119 292 2176 primi
302 2119 383 2166 cuneis
393 2120 535 2167 scindebant
544 2119 616 2166 fissile
625 2118 736 2176 lignum),

141 2191 197 2236 tum
207 2188 288 2236 variae
297 2204 383 2236 venere
393 2191 466 2236 artes.
496 2188 576 2236 Labor
585 2188 665 2235 omnia
674 2187 732 2233 vicit

142 2257 267 2312 improbus
275 2259 300 2304 et
310 2257 376 2304 duris
386 2273 474 2315 urgens
483 2258 509 2304 in
518 2257 590 2304 rebus
601 2257 704 2313 egestas,

142 2325 228 2372 Prima
237 2325 309 2373 Oenea
319 2325 385 2373 ferro
394 2326 509 2373 mortales
520 2327 616 2373 vertere
626 2325 719 2370 terram

140 2393 259 2450 institnit,
270 2409 325 2441 cum
334 2393 383 2440 inm
392 2394 492 2451 glandes
502 2396 576 2450 atque
586 2392 675 2439 arbuta
684 2405 767 2438 sacrae

141 2462 274 2510 deficerent
284 2461 358 2510 silvae
368 2465 393 2511 et
402 2463 495 2511 victum
505 2462 609 2509 Dodona
618 2461 727 2517 negaret.

190 2531 199 2580 (
208 2529 250 2581 43)
