1972 3164
306 178 416 218 AENEIS.
441 178 484 217 VII

56 278 93 334 te,
104 276 217 332 Saturne,
227 275 312 333 refert,
321 276 351 322 tu
360 275 484 332 sanguinis
494 273 595 321 ultimus
605 274 697 320 auotor.

19 356 47 393 50
58 343 137 391 Pilius
145 343 202 391 huie
211 342 264 391 fato
273 343 356 390 divum
365 343 490 401 prolesque
500 342 576 388 virilis

57 412 129 460 nulla
136 411 193 469 tuit,
204 411 328 468 primaque
338 412 417 459 oriens
426 412 512 466 erepta
520 410 621 457 iuventa
629 410 675 456 est.

58 479 118 527 Solo
126 479 224 527 domum
233 481 259 527 et
267 480 351 526 tantas
361 479 474 527 servabat
484 479 535 526 filia
543 479 620 534 sedes,

56 548 107 595 iam
117 549 215 595 matura
223 547 284 604 viro,
294 548 343 594 iam
352 547 429 603 plenis
439 547 527 594 nubilis
537 546 615 594 annis.

58 615 207 678 Multiillam
216 630 306 674 magno
315 630 328 662 e
338 615 409 662 Iatio
418 615 517 670 totaque
527 614 643 670 petebant

58 684 176 732 Ausonia.
205 683 271 731 Petit
281 684 338 731 ante
348 683 406 730 alios
416 683 590 739 pulcherrimus
600 697 682 730 omnes

59 750 167 809 Turnus,
177 751 228 799 avis
237 752 363 807 atavisque
372 753 466 808 potens,
473 766 544 807 quem
554 751 622 807 regia
628 751 734 798 coniunx

58 820 160 879 adiungi
168 835 283 877 generum
293 820 354 867 miro
364 820 510 876 properabat
520 835 601 868 amore
610 838 617 876 3

58 889 102 937 sed
110 888 183 937 variis
192 890 307 945 portenta
316 889 388 936 deum
397 888 530 936 terroribus
540 888 647 936 obstant.

59 957 156 1004 Laurus
164 959 218 1004 erat
227 957 288 1004 teeti
296 957 375 1004 medio
383 956 409 1003 in
419 957 582 1012 penetralibus
591 956 657 1013 altis,

22 1043 49 1081 ω
58 1041 129 1074 seem
138 1040 231 1074 oomam
240 1025 376 1081 multosque
385 1027 453 1072 metu
462 1026 559 1073 servata
567 1040 611 1080 per
620 1040 705 1081 annos,

58 1109 132 1150 quam
141 1095 213 1150 pater
220 1093 353 1151 inventam,
364 1093 453 1150 primas
463 1108 518 1140 eum
531 1092 644 1140 oonderet
656 1107 732 1149 aroes,

57 1162 110 1219 ipse
119 1162 243 1210 ferebatur
252 1162 349 1210 Phoebo
358 1177 465 1210 sacrasse
474 1162 586 1218 Latinus,

58 1230 239 1286 Iaurentesque
249 1229 280 1277 ab
289 1245 319 1278 en
327 1245 416 1278 nomen
426 1230 533 1287 posuisse
544 1230 642 1278 oolouis.

58 1298 141 1346 Huius
150 1312 207 1354 apes
216 1313 337 1345 summum
347 1299 434 1346 densae
445 1298 563 1355 (mnabile
572 1296 649 1354 dictu)

58 1367 162 1414 stridore
171 1366 265 1424 ingenti
273 1367 390 1423 liquidum
400 1368 471 1413 treus
481 1367 581 1413 aethera
589 1367 673 1414 veotae

57 1435 170 1484 obsedere
180 1436 279 1493 apioem,
290 1436 424 1492 etpedibus
434 1450 479 1492 per
484 1437 571 1482 mutua
580 1433 649 1483 nexis

56 1520 159 1553 examen
168 1505 274 1553 subitum
284 1519 352 1551 ramo
361 1504 489 1552 frondente
499 1504 621 1560 pependit.

57 1573 180 1622 Continuo
188 1575 257 1620 vetes
268 1571 419 1620 ‘Externum
429 1573 564 1620 oernimus'
575 1572 654 1628 inquit

58 1641 206 1690 ‘adventare
214 1641 303 1699 virum,
314 1643 339 1689 et
349 1644 431 1698 partes
441 1643 523 1698 petere
533 1656 621 1698 agmen
630 1642 726 1689 easdem

21 1729 48 1767 70
57 1711 169 1768 partibus
178 1725 209 1758 ex
217 1709 301 1768 isdem,
309 1711 334 1758 et
344 1725 439 1758 summa
448 1709 593 1758 dominarier
601 1711 674 1758 eree!

57 1779 197 1837 Praeterea,
208 1779 281 1827 rastis
290 1778 370 1826 adolet
379 1779 438 1826 dum
447 1778 537 1826 altaria
545 1778 623 1826 taedis

57 1849 83 1896 et
92 1848 162 1895 iuxta
170 1847 304 1905 genitorem
313 1849 379 1896 astat
389 1847 491 1895 Lavinia
499 1847 576 1905 virgo,

56 1916 110 1964 risa
119 1915 207 1974 (nefas)
216 1916 295 1975 longis
305 1916 473 1972 comprendere
483 1916 589 1963 oriuibus
597 1916 688 1974 iguem,

57 1986 131 2041 atone
140 1999 235 2033 omnem
244 1986 357 2032 ornatum
366 1984 465 2032 flamma
474 1985 608 2040 crepitante
619 1984 731 2041 eremari,

56 2053 197 2111 regalesque
205 2068 306 2101 aeoensa
313 2068 401 2111 eomas,
412 2068 512 2101 arcense
521 2067 634 2100 eoronam

56 2121 175 2179 insignem
185 2122 294 2179 gemmis,
304 2124 358 2169 tum
368 2122 462 2169 fumida
470 2120 561 2168 lumine
571 2120 639 2166 lulvo

55 2190 147 2238 involvi
157 2206 186 2238 no
194 2191 253 2239 totis
263 2190 400 2239 Vulcanum
410 2204 523 2247 spargere
532 2188 612 2236 tectis.

56 2260 88 2307 Id
97 2274 154 2307 vem
162 2259 310 2307 horrendum
320 2275 348 2306 ee
358 2260 412 2306 visu
422 2257 529 2305 mirabile
539 2256 600 2303 ferri
609 2275 615 2303 ε

57 2343 162 2385 namque
171 2327 224 2376 fore
233 2327 353 2376 illustrem
362 2328 430 2375 lama
439 2326 544 2382 fatisque
553 2324 673 2372 eauebaut

16 2410 45 2448 eo
56 2397 145 2454 ipsam,
156 2396 198 2443 sed
207 2397 296 2452 populo
305 2412 421 2453 magnum
431 2394 575 2451 portendere
584 2392 684 2440 bellum⁴

56 2468 93 2515 At
102 2465 272 2584 {egredimur
281 2465 397 2513 monstris
407 2463 506 2511 oracula
514 2461 603 2519 Fauni,
