1972 3164
363 177 385 214 P.
400 176 519 216 VERGILI
532 177 659 218 MARONIS

174 273 229 329 Ipse
239 272 292 320 viro
301 271 393 330 primus
404 273 511 320 manicas
521 274 594 330 amne
604 274 660 321 arta
669 271 745 321 levari

174 341 255 389 vincla
263 342 332 389 iubet
342 342 462 399 Priamus,
473 342 591 398 dictisque
600 342 637 389 ita
647 342 714 389 fatur
723 343 819 391 amicis:

175 410 311 466 “Quisquis
320 426 354 466 es,
366 411 464 457 amissos
474 410 530 458 hinc
544 411 593 458 iam
603 411 741 459 obliviscere
752 412 851 468 Graios;

175 480 257 525 noster
267 479 322 526 cris.
352 479 461 534 Mihique
470 478 530 526 haec
540 480 643 526 edissere
652 494 711 526 vera
719 479 816 536 roganti
827 499 832 526 :

129 561 165 598 150
175 561 222 602 quo
232 547 318 594 molem
327 548 390 594 hano
398 546 510 593 immanis
520 547 575 603 equi
589 548 714 594 statuere?
729 548 781 603 quis
797 562 864 616 auo..

231 617 270 662 tor
278 619 288 663 i

175 684 261 739 quidve
285 684 388 739 petunt?
412 697 472 739 quae
491 682 576 739 religio
595 686 638 731 aut
658 700 718 740 quac
739 684 853 732 machina
863 704 864 709 ¹

230 751 287 799 belli
295 755 305 799 Ρ
312 753 328 773 ”

176 820 286 868 Dixerat.
317 820 370 877 Ille,
381 820 442 867 dolis
451 820 589 869 instructus
599 822 625 868 et
635 823 688 869 arte
698 821 811 880 Pelasga,

175 889 274 935 sustulit
284 891 369 935 exutas
379 888 464 936 vinclis
474 889 505 936 ad
515 889 594 936 sidera
603 889 696 944 palmas
707 910 712 936 :

176 956 192 977 “
199 957 257 1013 Vos,
267 956 361 1004 aeterni
369 957 445 1013 ignes,
456 959 482 1004 et
491 973 539 1004 non
549 957 659 1004 violabile
669 959 778 1014 vestrum

175 1027 252 1072 testor
261 1040 351 1072 numen
358 1026 373 1045 ''
384 1025 427 1082 ait,
439 1026 455 1047 “
464 1041 506 1073 vos
516 1042 573 1074 arae
583 1041 698 1082 ensesque
707 1026 814 1082 nefandi,

176 1093 304 1150 ‹1110ssqu
315 1093 438 1149 vittaeque
448 1095 527 1153 deum,
539 1110 598 1150 quas
608 1095 687 1141 hostia
696 1095 773 1151 gessi:

174 1163 212 1209 fas
223 1163 281 1208 mihi
291 1162 419 1209 Graiorum
429 1164 526 1210 sacrata
534 1162 653 1210 resolvere
662 1162 725 1220 iura,

175 1230 214 1278 fas
223 1231 300 1278 odisse
310 1230 382 1286 viros,
393 1232 465 1286 atque
474 1230 555 1277 omnia
563 1230 628 1277 ferre
638 1230 682 1277 sub
692 1245 772 1286 auras,

177 1299 198 1346 si
207 1315 254 1355 qua
263 1299 350 1356 tegunt
358 1318 364 1355 ς
378 1301 463 1346 teneor
473 1299 566 1355 patriae
576 1314 621 1346 nec
630 1298 723 1355 legibus
732 1298 795 1344 ullis.

130 1375 165 1412 160
178 1369 217 1414 Tu
227 1368 298 1415 modo
307 1367 430 1424 promissis
440 1383 537 1416 maneas
547 1369 690 1423 servataque
701 1381 781 1414 serves

177 1437 250 1484 Troia
259 1437 339 1494 fidem,
350 1436 371 1484 si
380 1451 439 1482 vera
447 1436 535 1493 feram,
546 1435 567 1482 si
577 1451 666 1492 magna
675 1435 813 1490 rependam.

178 1505 262 1552 Omnis
272 1521 325 1561 spes
336 1506 451 1552 Danaum
460 1507 486 1551 et
496 1504 574 1559 coepti
583 1503 672 1550 fiducia
681 1503 738 1550 belli

179 1574 288 1621 Palladis
298 1574 398 1621 auxiliis
411 1588 506 1628 semper
515 1571 592 1620 stetit.
622 1570 715 1626 Impius
724 1586 755 1617 ex
764 1585 810 1626 quo

178 1643 283 1699 Tydides
293 1643 336 1690 sed
345 1643 409 1690 enim
419 1642 582 1698 scelerumque
591 1641 704 1688 inventor
713 1639 805 1694 Ulixes,

177 1712 254 1758 fatale
264 1712 373 1769 aggressi
383 1712 480 1759 sacrato
489 1711 592 1758 avellere
601 1709 693 1765 templo

178 1780 322 1836 Palladium,
334 1780 408 1827 caesis
418 1794 526 1827 summae
536 1778 675 1826 custodibus
685 1776 756 1833 arcis,

178 1847 314 1902 corripuere
324 1863 418 1895 sacram
427 1847 536 1904 effigiem,
547 1846 705 1901 manibusque
715 1842 822 1892 cruentis

178 1916 299 1972 virgineas
309 1916 362 1962 ansi
371 1916 440 1962 divae
451 1915 589 1970 contingere
599 1914 684 1969 vittas,

179 2001 209 2033 ex
218 1985 261 2032 illo
271 1985 345 2032 fluere
354 2000 383 2032 ac
391 1987 458 2032 retro
468 1983 582 2039 sublapsa
591 1982 678 2031 referri

132 2070 168 2106 170
178 2071 233 2110 spes
243 2055 365 2111 Danaum,
374 2053 469 2100 fractae
478 2052 550 2109 vires,
561 2066 646 2098 aversa
656 2051 714 2097 deae
724 2063 800 2096 mens.

178 2124 232 2171 Neo
241 2123 318 2170 dubiis
329 2137 358 2169 ea
367 2121 436 2177 signa
446 2121 512 2168 dedit
522 2119 634 2166 Tritonia
644 2116 767 2164 monstris.

178 2192 227 2239 Vix
236 2190 340 2247 positum
351 2189 436 2236 castris
446 2188 610 2244 simulacrum,
618 2201 700 2234 arsere
710 2198 824 2232 coruscae

178 2259 308 2307 luminibus
318 2258 429 2304 flammae
438 2256 547 2312 armabis,
558 2255 683 2310 salsusque
693 2269 736 2309 per
746 2254 816 2299 artus

179 2329 251 2386 sudor
259 2328 297 2385 iit,
308 2328 392 2382 terque
400 2325 454 2380 ipsa
464 2324 513 2370 solo
523 2323 642 2381 (mirabile
652 2320 728 2377 dictu)

178 2397 276 2444 emicuit
285 2408 442 2451 parmamque
453 2392 537 2439 ferens
547 2391 690 2446 hastamque
699 2389 854 2436 trementem.

179 2464 308 2519 Extemplo
317 2461 460 2518 temptanda
469 2460 529 2516 fuga
538 2458 605 2506 canit
615 2472 720 2513 aequora
730 2455 849 2510 Calchas,'

227 2532 235 2580 (
245 2545 279 2580 14²
289 2532 296 2580 )
