1972 3164
453 178 477 218 P.
489 176 609 219 VERGILI
622 177 750 220 MARONIS

264 273 369 322 traxerit
377 274 410 324 ad
418 275 495 324 latum
504 276 597 332 patriae
607 276 652 323 sub
662 277 786 324 moenibus
800 279 805 326 !
819 291 904 336 egens

263 341 359 401 infelix,
369 344 409 391 cui
417 345 443 391 te
453 344 527 392 exitio
536 343 647 391 Fortuna
656 346 782 391 reservat?

265 412 370 467 septima
379 413 434 468 post
443 412 528 460 Troiae
538 412 658 460 excidium
667 412 716 458 iam
725 411 832 460 vertitur
841 415 932 475 aestas,

266 492 323 526 cum
332 479 405 537 freta,
416 495 471 528 cum
480 482 560 527 terras
570 495 661 537 omnes,
671 481 710 527 tot
719 479 843 537 inhospita
852 498 913 531 saxa

265 548 391 604 sideraque
398 563 507 596 emensae
512 548 623 607 ferimur,
632 548 691 595 dum
698 563 742 604 per
749 564 816 598 mare
825 565 942 608 magnum

265 616 365 663 Italiam
373 616 495 672 sequimur
503 616 639 674 fugientem
649 618 674 664 ct
683 617 804 664 volvimur
812 619 892 668 undis.

217 685 255 733 ⁶30
266 684 315 733 Hic
325 684 411 741 Erycis
420 685 479 732 fines
488 684 593 732 fraterni
602 687 675 741 atque
685 685 772 742 hospes
783 686 883 734 Acestes
892 707 899 735 ε

266 752 319 809 quis
329 752 440 808 prohibet
447 768 528 800 muros
538 753 616 801 iacere
626 756 651 801 et
661 754 720 801 dare
730 754 823 801 civibus
832 755 935 803 urbem?

266 820 288 868 Ο
299 820 380 876 patria
389 822 414 868 et
423 821 489 876 rapti
498 821 644 877 nequiquam
653 837 683 869 ex
692 823 761 869 hoste
771 822 884 881 Penates,

265 888 364 936 nullane
373 888 423 936 iam
433 889 520 937 Troiae
530 890 643 938 dicentur
652 890 763 938 moenia?
777 906 897 948 nusquam

266 957 400 1004 Hectoreos
413 972 496 1005 amnes
505 958 635 1005 Xanthum
644 960 670 1006 et
681 959 805 1006 Simoenta
813 959 915 1008 videbo?

266 1024 330 1082 Quin
340 1025 405 1082 agite
412 1027 438 1072 ct
447 1041 541 1073 mecum
551 1026 674 1074 infamias
684 1027 779 1074 exurite
788 1042 889 1084 puppes.

265 1092 331 1140 Nam
340 1093 400 1140 mihi
409 1094 560 1142 Cassandrae
570 1110 613 1151 per
623 1110 736 1142 somnum
746 1095 811 1143 vatis
820 1095 903 1153 imago

266 1163 379 1210 ardentes
388 1163 447 1210 dare
455 1163 508 1210 visa
516 1162 582 1210 faces
593 1183 598 1210 ι
613 1163 687 1210 “Hic
697 1164 805 1220 quaerite
815 1164 923 1222 Troiam,

266 1230 307 1279 hic
319 1231 403 1278 domus
417 1233 454 1280 est
463 1232 479 1252 ”
490 1231 569 1287 inquit
580 1231 595 1254 “
604 1231 698 1280 vobis.’'
728 1232 783 1279 Iam
797 1233 892 1290 tempus
902 1232 942 1291 agi

322 1315 369 1357 1¹0³,

265 1383 311 1417 nec
320 1369 397 1416 tantis
407 1383 476 1416 mora
484 1369 606 1426 prodigiis.
636 1369 676 1417 En
686 1370 803 1426 quattuor
812 1383 869 1417 arae

217 1438 255 1486 ⁶40
267 1437 398 1494 Neptun03
411 1438 470 1485 deus
479 1437 531 1495 ipse
540 1438 606 1486 faces
616 1439 769 1495 animamque
779 1437 921 1485 ministrat!

266 1505 336 1553 Haec
345 1520 481 1554 memorans
490 1506 569 1562 prima
578 1507 700 1554 infensum
709 1507 734 1553 vi
744 1507 844 1562 corripit
852 1507 933 1564 ignem

266 1573 409 1630 sublataque
418 1575 502 1631 procul
512 1575 598 1622 dextra
608 1574 693 1622 conixa
703 1577 815 1623 cormeat

266 1643 292 1688 et
301 1640 367 1689 iacit.
396 1642 515 1690 Arrectae
524 1644 617 1691 mentes
626 1643 812 1699 stupefactaque
822 1643 897 1691 corda

265 1708 378 1756 Iliadum.
408 1710 457 1759 Hic
466 1727 517 1758 una
526 1727 539 1758 e
548 1711 631 1759 multis
641 1727 702 1767 quae
713 1711 819 1758 maxima
828 1713 898 1770 natu,

264 1773 354 1832 Pyrgo,
364 1777 403 1823 tot
413 1777 505 1824 Priami
514 1781 629 1826 natorum
637 1779 705 1836 regia
714 1779 798 1826 nutrix
807 1798 814 1836 3

265 1842 338 1890 ‘Non
347 1845 424 1891 Beroe
434 1846 509 1903 vobis,
520 1862 569 1893 non
577 1848 638 1895 haec
646 1847 773 1904 Rhoeteia,
784 1848 884 1905 matres,

265 1913 303 1960 est
313 1911 413 1968 Dorycli
422 1913 526 1960 coniunx
538 1935 544 1962 ι
558 1915 634 1962 divini
644 1915 714 1972 signa
722 1915 814 1962 decoris

266 1981 425 2036 ardentesque
434 1983 518 2030 notate
528 1983 608 2030 oculos
610 1984 666 2042 ,qui
676 1984 776 2039 spiritus
784 1983 829 2040 illi,

265 2051 318 2106 quis
328 2049 381 2097 vult
370 2051 410 2097 tus
420 2050 530 2107 vocisque
540 2067 614 2099 sonus
623 2052 662 2099 vel
672 2067 769 2110 gressus
779 2051 856 2098 eunti.

217 2113 255 2162 ⁶⁵⁰
265 2119 325 2175 Ipsa
333 2119 429 2178 egomet
438 2119 530 2166 dudum
539 2120 634 2167 Beroen
640 2120 749 2176 digressa
757 2119 844 2175 reliqui

265 2204 372 2246 aegram,
383 2187 557 2245 indignantem,
568 2189 613 2236 tali
622 2188 686 2244 quod
696 2188 748 2235 sola
757 2188 851 2235 careret

265 2272 364 2305 munere
374 2273 419 2305 nec
428 2257 527 2304 meritos
536 2256 657 2304 Anchisae
667 2256 769 2304 inferret
776 2253 898 2303 honoras!

264 2326 335 2375 Haec
344 2327 427 2374 effata.

263 2394 299 2442 At
310 2396 400 2442 matres
409 2393 488 2451 primo
497 2394 613 2450 aucipites
624 2393 745 2450 oculisque
755 2392 869 2451 malignis

263 2461 389 2518 ambiguae
400 2464 509 2519 spectare
519 2465 583 2510 rates
593 2463 708 2509 miserum
717 2463 781 2509 inter
791 2476 899 2508 amorem

311 2529 382 2578 (2³0)
