1972 3164
355 160 377 199 P.
390 158 510 200 VERGILI
522 161 652 202 MARONIS

165 256 285 314 ‘Lucage
296 256 365 305 nulla
373 259 430 306 tuoe
440 274 525 306 currus
534 259 596 318 fuge
605 260 687 316 segnis
697 275 816 316 equorum

164 325 270 383 prodidit
280 327 325 373 aut
334 342 411 374 vanae
420 329 515 374 vertere
524 343 554 374 ex
563 327 674 375 hostibus
683 330 787 378 umbrae
796 351 803 378 z

164 395 216 450 ipse
226 395 287 442 rotis
296 395 384 442 saliens
393 395 452 452 iuga
460 395 567 443 deseris!
598 397 668 444 Haec
677 396 716 446 ita
725 398 794 445 fatus

165 463 271 519 arripuit
280 464 387 521 biiugos3
400 463 479 510 frater
488 464 604 512 tendebat
613 465 708 513 inertes

165 530 251 579 infelix
260 532 362 590 palmae,
374 548 447 579 curru
456 532 568 588 delapsus
578 534 675 582 eodem:

167 599 174 622 ‘
183 599 233 648 Per
241 602 275 658 te,
285 617 329 657 per
338 601 380 656 qui
388 602 413 648 te
423 601 498 648 talem
507 617 613 659 genuere
622 605 748 661 parentes,

166 669 205 716 vir
224 670 335 726 Troiane,
352 669 402 716 sine
422 668 485 717 hanc
501 670 607 718 animam
623 674 650 718 et
664 673 780 721 miserere
795 689 847 730 pre·

223 739 318 785 cantia!

168 806 281 853 Pluribus
291 808 373 854 oranti
381 808 491 855 Aeneas:
509 808 598 855 ‘Haud
607 809 669 856 talia
679 809 771 857 dudum

118 883 156 921 σω
168 874 233 922 dicta
242 876 325 923 dabae.
355 877 451 924 Morere
461 879 486 923 et
495 877 598 925 tratrem
607 893 639 925 ne
648 879 732 926 desere
742 879 837 926 frater)

167 944 230 990 Tum
240 944 344 991 latebrae
355 945 449 992 animae
458 948 543 1002 pectus
552 961 667 994 mucrone
676 947 790 996 recludit.

168 1012 238 1059 Talia
247 1028 291 1068 per
300 1028 397 1068 campos
407 1013 494 1061 edebat
504 1014 592 1062 funera
601 1015 689 1062 ductor

169 1081 316 1137 Dardanius,
326 1082 443 1129 terrentis
456 1097 532 1138 aquae
541 1082 579 1129 vel
588 1083 694 1130 turbinis
704 1084 754 1131 atri

168 1165 234 1198 more
251 1151 342 1198 furens.
373 1151 481 1198 Tandem
495 1154 628 1207 erumpunt
641 1155 667 1199 et
680 1155 763 1200 castra
776 1154 848 1201 relin-

225 1222 302 1277 quunt

169 1289 289 1336 Ascanius
298 1303 359 1344 puer
368 1289 393 1335 et
403 1288 549 1345 nequiquam
559 1290 656 1337 obsessa
664 1290 790 1338 iuventus.

198 1356 315 1403 Iunonem
324 1356 417 1404 interea
426 1357 554 1413 compellat
564 1358 676 1414 Iuppiter
685 1359 752 1406 ultro
761 1379 767 1406 τ

170 1425 176 1446 ‘
186 1424 208 1472 Ο
217 1440 334 1482 germana
343 1425 403 1471 milii
412 1427 485 1482 atque
495 1427 578 1473 eadem
587 1426 728 1484 gratissima
734 1427 846 1484 coniunx,

170 1495 199 1540 ut
208 1495 301 1552 rebare,
309 1495 391 1543 Venus
402 1495 455 1552 (nec
465 1496 490 1543 te
502 1496 624 1543 sententia
633 1496 709 1552 fallit)

170 1563 288 1610 Troianae
298 1567 421 1612 sustentat
431 1579 496 1621 opes,
507 1579 556 1611 non
565 1564 647 1611 vivida
655 1564 719 1612 bello

121 1640 159 1677 610
170 1632 257 1679 dextra
266 1633 324 1680 viris
334 1633 475 1688 animusque
485 1633 555 1680 ferox
563 1633 706 1689 patiensque
716 1633 818 1689 penali!

171 1701 217 1749 cai
226 1702 289 1748 Iuno
297 1701 416 1748 submissa
427 1701 513 1757 ‘Quid
523 1717 538 1748 0
548 1701 710 1757 pulcherrime
720 1702 833 1757 coniunx,

170 1769 285 1817 sollicitas
296 1785 394 1826 aegram
404 1771 430 1816 et
439 1771 483 1816 tna
492 1770 575 1816 tristia
584 1770 650 1816 iussa
659 1770 786 1817 timentem
796 1773 806 1817 Ρ

172 1839 197 1886 si
204 1838 335 1895 mihi‚quee
342 1839 462 1894 quondam
469 1839 551 1885 fueret
557 1853 675 1894 quemque
681 1853 732 1885 esse
739 1838 846 1894 decebat,

170 1907 207 1953 vis
217 1907 242 1952 in
252 1922 333 1953 amore
343 1906 421 1955 foret!
442 1921 490 1953 non
499 1907 544 1953 hoc
554 1907 613 1953 mihi
622 1922 727 1962 namque
737 1922 846 1963 negares,

171 1975 330 2032 omnipotens,
341 1975 399 2031 quin
409 1976 434 2022 et
444 1989 540 2030 pugnae
549 1974 682 2022 subducere
693 1975 805 2021 Turnum

172 2045 197 2091 et
207 2045 296 2092 Dauno'
306 2059 401 2100 possem
410 2043 555 2091 incolumem
565 2058 662 2090 servare
671 2043 777 2098 parenti.

172 2112 245 2160 Nunc
255 2114 338 2168 pereat
349 2113 495 2167 Teucrisque
505 2112 544 2167 pio
554 2111 596 2158 det
606 2111 724 2168 sanguine
734 2127 832 2167 poenas.

172 2181 217 2228 Ille
228 2183 310 2228 tamen
319 2182 404 2228 nostra
413 2181 511 2227 deducit
521 2179 612 2236 origine
622 2195 720 2236 nomeu,

172 2249 346 2304 Pilumnusque
355 2249 391 2294 illi
400 2250 501 2304 quartus
511 2250 596 2304 palen
611 2249 635 2294 et
645 2249 690 2294 tua
698 2247 770 2304 larga

124 2328 162 2366 620
174 2333 244 2373 saepe
255 2333 329 2364 manu
338 2317 467 2372 multisque
478 2316 587 2363 oneravit
596 2316 682 2362 limina
691 2316 777 2362 donis!

174 2386 219 2433 Oui
229 2402 272 2432 rex
281 2385 382 2432 aetherii
391 2385 497 2431 breviter
507 2384 540 2431 sic
550 2384 619 2430 fatur
629 2383 726 2439 Olympi
735 2405 740 2430 :

174 2452 180 2474 ‘
190 2453 216 2500 Si
221 2468 293 2568 (mora
302 2453 436 2509 praesentis
446 2452 489 2499 leti
498 2453 641 2507 tempusque
651 2451 741 2498 caduco

239 2523 274 2569 ³64
