1972 3164
310 185 420 227 sams.
445 186 489 226 VII

58 283 113 341 ipse
122 281 221 331 domum
231 298 285 332 sera
293 285 403 341 quamvis
413 299 438 332 se
448 285 519 332 nocte
528 283 631 332 ferebat.

60 352 136 400 Hune
146 352 230 407 procul
239 354 361 400 errantem
370 352 469 400 rabidae
478 353 588 400 venantis
598 353 647 400 Iuli

60 435 212 468 commovere
221 436 301 478 canas,
312 421 385 469 fluvio
395 437 450 469 cum
459 421 524 468 forte
534 422 638 469 secundo

59 489 178 537 deflueret
187 489 287 546 ripaque
296 491 377 538 aestus
386 491 506 538 viridante
516 490 616 538 levaret.

60 559 119 614 Ipse
128 557 210 616 etiam,
221 558 321 606 eximiae
331 559 409 606 laudis
419 574 547 606 succensus
558 574 648 616 amore,

60 626 182 674 Ascanius
192 643 266 675 curvo
276 627 364 676 direxit
373 627 466 683 spicula
475 643 551 674 cornu
560 646 567 685 3

60 709 107 742 nec
117 695 215 743 dextrae
224 696 318 744 erranti
327 695 386 744 deus
396 696 468 752 uiuit,
479 697 581 751 actaque
590 695 668 743 multo

61 778 152 820 perque
161 765 258 811 uterum
268 764 350 812 sonitu
359 780 448 820 perque
457 764 500 812 ilie
508 765 576 812 venit
585 764 703 812 harundo.

10 845 51 883 500
63 831 165 880 Saucius
175 834 202 879 at
211 833 348 889 quadrupes
357 835 416 880 nota
425 833 492 879 intra
501 834 569 880 tecta
577 833 678 890 refugit,

63 900 224 956 successitque
233 916 332 958 gemens
342 901 452 957 stabulis,
463 903 595 957 questuque
605 903 721 949 cruentus

62 970 136 1024 atque
145 968 285 1024 imploranti
295 969 379 1016 similis
389 970 482 1016 tectum
492 984 562 1016 omne
572 970 689 1024 replebat.

63 1037 139 1084 Silvia
148 1037 227 1093 prima
235 1053 311 1094 soror,
321 1037 408 1093 palmis
418 1052 532 1093 percussa
541 1037 653 1095 lacertos,

62 1104 180 1153 auxilium
189 1106 260 1153 vocat
270 1107 295 1153 et
304 1106 377 1153 duros
387 1106 522 1152 conclamet
533 1107 651 1164 agrestes.

63 1174 114 1222 Olli
123 1174 206 1230 (pestis
215 1174 279 1221 enim
289 1174 370 1222 tacitis
379 1175 442 1221 latet
452 1190 538 1229 aspera
548 1174 622 1230 silvis)

62 1242 187 1298 improvisi
196 1242 293 1300 adsunt,
305 1242 344 1290 hic
353 1244 419 1291 torre
430 1244 539 1290 armatus
550 1243 644 1299 obusto,

62 1310 153 1367 stipitis
162 1310 202 1358 hic
210 1311 306 1368 gravidi
314 1311 382 1358 nodis
393 1332 398 1358 :
413 1311 478 1367 quod
487 1310 572 1366 cuique
582 1311 706 1365 repertum

62 1379 172 1436 rimanti,
182 1379 258 1426 telum
268 1379 305 1426 ira
314 1379 383 1427 facit.
413 1380 492 1427 Vocat
502 1378 601 1434 agmina
611 1378 730 1435 Tyrrhus,

63 1447 223 1504 quadrifidam
233 1463 348 1505 quercum
357 1448 439 1496 anneis
449 1450 478 1494 ut
488 1447 552 1494 forte
563 1446 652 1494 coactis

10 1535 53 1574 510
63 1515 197 1574 scindebat,
208 1518 281 1573 rapta
290 1517 385 1572 spirans
394 1518 501 1565 immane
512 1515 598 1563 securi

63 1584 100 1632 At
109 1600 181 1632 saeva
190 1600 203 1632 e
213 1585 316 1641 speculis
326 1587 422 1641 tempus
432 1586 477 1632 dea
486 1587 560 1632 nacta
569 1584 670 1632 nocendi

62 1653 141 1701 ardua
148 1654 213 1700 tecta
221 1653 284 1708 petit
294 1653 392 1711 stabuli,
402 1655 427 1701 et
437 1654 467 1700 de
477 1653 581 1700 culmine
591 1668 686 1699 summo

62 1721 185 1778 pastorale
194 1721 261 1768 canit
270 1721 374 1778 signum,
389 1736 511 1777 cornuque
522 1736 624 1769 recurvo

63 1791 207 1838 Tartaream
216 1789 321 1837 intendit
331 1805 423 1846 vocem,
434 1806 481 1846 qua
491 1791 603 1846 protinus
612 1806 683 1837 omne

63 1858 209 1906 contremuit
219 1873 303 1906 nemus
313 1860 339 1906 et
348 1859 422 1906 silvae
431 1859 558 1906 insonuere
568 1859 703 1915 profundae
714 1877 720 1913 ;

63 1926 141 1974 audiit
150 1928 176 1973 et
186 1927 282 1974 Triviae
290 1926 363 1984 longe
372 1926 448 1984 lacus,
459 1928 537 1974 audiit
550 1928 627 1974 amnis

63 1994 196 2050 sulphurea
204 1995 258 2042 Nar
267 1994 336 2042 albus
346 2011 409 2051 aqua
419 1996 545 2051 fontesque
555 1997 643 2054 Velini,

63 2067 89 2112 et
99 2064 208 2120 trepidae
217 2065 308 2112 matres
317 2079 426 2120 pressere
436 2066 467 2111 ad
477 2067 575 2120 pectora
584 2066 663 2112 natos.

64 2133 129 2180 Tum
138 2148 196 2180 vero
206 2133 237 2180 ad
246 2148 328 2180 vocem
339 2133 436 2190 celeres,
448 2147 495 2188 qua
504 2131 605 2179 buccina
616 2132 712 2188 signum

10 2223 54 2260 φο
64 2200 119 2248 dira
128 2201 201 2259 dedit,
212 2201 288 2256 raptis
299 2202 448 2248 concurrunt
459 2200 563 2255 undique
573 2198 628 2246 telis

63 2269 176 2317 indomiti
185 2270 304 2328 agricolae
313 2288 320 2326 3
333 2285 378 2317 nec
388 2285 437 2316 nou
446 2270 472 2316 et
482 2269 556 2315 Troia
565 2267 640 2322 pubes

63 2337 169 2385 Ascanio
179 2338 295 2384 auxilium
306 2338 392 2385 castris
403 2336 508 2384 effundit
519 2335 617 2391 apertis.

63 2406 181 2454 Direxere
191 2405 261 2453 acies.
291 2406 348 2453 Non
357 2406 406 2452 iam
417 2404 548 2452 certamine
556 2404 656 2460 agresti,

63 2474 187 2529 stipitibus
196 2474 263 2521 duris
272 2475 355 2532 agitur
364 2473 493 2521 sudibusve
503 2472 632 2528 praeustis,

112 2543 121 2592 (
130 2543 166 2592 283
175 2543 184 2590 l
