1972 3164
419 181 530 221 AENEIS.
555 182 597 220 ΧΠ

172 295 231 336 qnos
242 279 327 326 contra
336 277 464 325 Aeneadae
473 276 537 325 bello
547 277 626 326 fecere
635 277 765 334 profanos?

124 351 162 399 780
173 349 244 395 Dixit
253 362 368 402 opemque
378 346 416 393 dei
425 362 473 393 non
483 362 552 393 cassa
560 347 586 392 in
596 349 653 393 vota
659 349 762 394 vocavit.

172 417 285 471 Namque
294 415 336 462 diu
346 415 442 462 luctans
452 415 564 470 lentoque
573 414 600 460 in
610 415 685 469 stirpe
696 417 804 461 moratus

172 476 265 531 ¹viribus
275 484 341 531 haud
351 484 406 530 ullis
416 483 493 530 valuit
503 483 636 530 discludere
646 498 740 530 morsus

168 552 265 599 roboris
275 552 378 599 Aeneas.
408 553 474 598 Dum
484 553 573 598 nititur
582 567 638 599 acer
647 553 672 599 et
681 553 767 609 instat,

172 636 258 667 rursus
268 621 293 666 in
303 622 403 678 aurigae
413 620 500 667 faciem
509 623 606 667 mutata
616 620 712 667 Metisci

173 689 295 745 procurrih
304 688 424 744 fratrique
434 704 514 736 ensem
525 689 570 736 dea
579 689 677 736 Daunia
686 690 775 736 reddis.

174 757 244 812 Quod
253 758 336 804 Venus
346 757 431 804 audaci
441 757 568 813 Nymphae
577 757 704 814 indignata
713 757 785 804 licerc

174 825 275 872 accessit
284 825 408 881 telumque
417 825 468 872 alta
478 825 508 872 ab
518 825 598 873 radice
607 825 709 873 revellit.

175 893 224 940 Olli
234 893 355 951 sublimes,
366 894 439 941 armis
452 895 585 950 animisque
594 894 688 951 refecti,

174 961 212 1009 hic
222 962 303 1021 gladio
312 963 396 1020 fidens,
406 962 445 1010 hic
454 979 510 1010 acer
519 964 544 1010 el
554 963 644 1010 arduus
654 963 733 1019 hasla,

125 1045 162 1082 79⁰
173 1032 290 1077 assistunt
300 1033 386 1078 contra
395 1032 527 1078 certamine
537 1031 626 1077 Martis
636 1031 724 1076 anheli.

201 1099 319 1146 Iunonem
328 1100 423 1147 interea
431 1115 474 1147 rex
483 1098 655 1153 omnipotentis
666 1096 764 1152 Olympi

173 1167 303 1221 alloquitur
312 1167 381 1213 fulva
390 1183 485 1222 pugnas
495 1168 524 1213 de
534 1165 598 1211 nube
607 1166 716 1211 luentem
726 1185 731 1210 ι

174 1234 256 1289 ‘Quae
264 1233 373 1279 iamfinis
384 1235 439 1289 eril,
450 1233 570 1280 coniunx?
585 1232 642 1287 quid
649 1232 749 1287 denique
757 1233 849 1278 reslal?

174 1300 310 1357 Indigetem
320 1300 420 1346 Aenean
430 1300 476 1346 scis
489 1300 542 1355 ipsa
552 1301 576 1346 ei
587 1299 647 1346 scire
656 1299 741 1347 faleris

174 1367 255 1414 deberi
265 1367 331 1414 caelo
339 1367 444 1422 fatisque
452 1368 484 1414 ad
493 1367 572 1414 sidera
581 1367 642 1415 tolli.

175 1436 239 1492 Quid
250 1435 337 1483 struis?
352 1437 395 1482 aui
401 1450 449 1491 qna
458 1451 500 1491 spe
510 1435 592 1493 gelidis
602 1435 628 1481 in
634 1436 738 1482 nubibus
747 1437 849 1482 haeres?

175 1503 297 1551 morlaIin'
308 1503 389 1551 secuit
398 1503 483 1550 violari
492 1503 592 1551 vulnere
601 1504 682 1551 divum
685 1540 691 1562 ‚

174 1574 218 1620 aut
228 1588 310 1620 ensem
320 1572 386 1630 (qnid
396 1572 459 1619 enim
469 1572 520 1619 sine
530 1574 555 1619 le
566 1572 671 1619 Iuturna
680 1572 773 1620 valerei
780 1574 799 1628 Ρ)

174 1644 286 1698 erepium
296 1641 364 1688 reddi
374 1641 457 1688 Turno
466 1643 491 1688 ot
501 1640 549 1687 vim
559 1656 665 1688 crescere
674 1641 761 1688 victis?

125 1715 164 1754 800
175 1710 265 1757 Desine
275 1710 323 1756 iam
334 1710 433 1756 tandem
442 1709 598 1765 precibusque
607 1709 729 1757 inflectere
739 1711 843 1767 nostris;

174 1780 334 1826 rodelantus
344 1778 394 1826 edil
403 1780 505 1826 tacitam
515 1778 581 1825 dolor
591 1780 616 1826 eh
626 1779 686 1826 mihi
695 1795 767 1827 curae

174 1864 245 1904 saepe
254 1850 298 1894 tuo
308 1848 372 1895 dulci
381 1848 464 1894 tristes
474 1862 503 1894 ex
513 1863 554 1895 ore
563 1850 697 1896 recursenl.

174 1917 282 1964 Venium
288 1917 319 1963 ad
327 1932 466 1973 supremum
472 1919 518 1964 est.
543 1917 625 1965 Terris
633 1919 727 1974 agilane
733 1918 772 1964 vel
778 1917 850 1964 undis

174 1986 291 2033 Troianos
301 1986 410 2042 potuisti,
420 1986 548 2032 infandum
558 1986 689 2033 accendere
698 1985 798 2040 bellum,

174 2053 310 2099 deformare
320 2053 417 2098 domum
426 2054 452 2097 eh
460 2051 531 2097 luctu
539 2052 639 2098 miscere
648 2051 793 2106 hymenaeos
803 2071 809 2096 ι

175 2120 279 2165 ulterius
288 2121 409 2173 temptare
418 2117 491 2163 veho!
522 2117 563 2165 Sic
571 2116 685 2171 Iuppiier
693 2131 762 2163 orsus
774 2137 780 2173 ς

176 2187 210 2232 sic
220 2186 266 2232 dea
275 2185 401 2231 summisso
411 2185 498 2229 eontra
507 2183 622 2229 Salurnis
631 2183 704 2228 vultu
713 2204 718 2230 :

177 2255 244 2300 ‘Ista
254 2253 349 2308 quidem
359 2250 416 2307 quia
424 2252 484 2297 nota
492 2251 552 2297 mihi
560 2252 613 2306 lna,
623 2265 719 2306 magne,
729 2251 852 2308 roloniae,

176 2323 296 2379 Iuppiter,
307 2322 332 2368 el
342 2321 454 2367 Turnum
464 2320 489 2365 et
498 2321 576 2366 terras
585 2318 664 2364 invita
672 2317 772 2374 reliqni;

129 2402 166 2439 810
177 2407 221 2440 nec
231 2392 261 2437 tu
270 2405 308 2437 me
318 2388 385 2436 adria
394 2387 469 2434 solam
480 2403 544 2434 nunc
554 2386 609 2434 sede
618 2385 712 2432 videres

176 2461 251 2518 digna
260 2459 360 2516 indigno
370 2455 430 2512 pati,
441 2454 482 2502 sed
492 2454 595 2502 flammis
605 2454 686 2502 cincla
695 2452 740 2499 sub
748 2453 802 2508 ipsa

225 2530 234 2577 (
243 2529 295 2578 429)
