1972 3164
320 184 430 226 AENEIS.
456 186 476 225 X

60 280 146 327 oratur
155 279 244 337 iuveni,
256 295 340 336 meque
349 281 394 329 hcc
404 281 440 328 ita
449 273 537 338 ponere
546 284 630 341 sentis,

60 349 119 396 tolle
128 349 188 405 fuga
197 349 308 395 Tamum
317 351 390 406 atque
399 351 548 398 instantibus
558 352 623 407 eripe
633 352 692 399 fatis
701 372 706 399 :

61 416 178 464 hactenus
188 417 315 464 indulsisse
325 419 405 466 vacat.
436 419 479 465 Sin
489 419 563 466 altior
572 419 625 466 istis

61 486 106 532 sub
116 486 226 541 precibus
235 486 307 533 venia
316 486 367 532 ulla
376 487 446 544 latet,
457 489 584 543 totumque
594 488 685 534 moveri

61 554 182 601 mutarive
192 556 264 610 putas
273 554 373 611 bellum,
384 570 439 610 spes
449 555 528 611 pascis
537 556 637 603 inanes'

61 621 97 668 Et
106 622 168 669 Iuno
177 622 344 669 allacrimans:
355 622 431 678 ‘Quid
440 624 469 680 si,
476 639 537 679 quae
544 640 600 672 voce
610 625 730 681 gravaris,

61 692 143 736 mente
153 690 223 737 dares
233 692 305 746 atque
315 691 374 738 haec
384 692 467 738 Turno
477 695 533 739 rata
542 693 594 740 vita
603 695 729 741 maneret?

13 768 52 816 630
61 757 134 805 Nunc
144 761 227 806 manet
236 759 355 807 insontem
364 761 445 816 gravis
456 761 544 819 exitus,
555 764 599 808 ant
609 777 654 818 ego
663 761 715 809 veri

61 842 126 873 rana
135 827 208 875 feror.
239 828 309 884 Quod
319 829 348 874 ut
357 843 372 875 o
381 828 461 884 potius
471 829 598 877 tormidine
607 830 671 876 falsa

61 895 133 942 ludar
142 899 167 944 et
177 896 202 942 in
212 897 296 944 melius
306 899 359 953 tua,
371 897 411 953 qui
421 900 498 954 potes,
508 913 563 945 orsa
572 898 684 946 reflectas
694 900 714 946 !’

62 964 131 1012 Haec
140 965 182 1011 ubi
191 965 258 1013 dicta
266 966 341 1023 dedit,
352 966 418 1014 caelo
427 981 452 1014 se
462 967 573 1021 protinus
583 967 634 1014 alto

61 1032 136 1089 misit,
146 1049 220 1089 agens
230 1034 331 1081 hiemem
341 1034 423 1082 nimbo
433 1035 556 1082 succincta
565 1037 609 1091 pe'r
618 1051 700 1092 auras,

62 1101 208 1157 Iliacamque
217 1102 293 1150 aciem
303 1105 328 1149 et
338 1103 471 1150 Laurentia
481 1105 562 1150 castra
572 1103 667 1158 petivit.

63 1169 127 1215 Tum
137 1171 183 1216 dea
191 1171 255 1218 nube
264 1186 324 1218 cava
333 1172 432 1218 tenuem
442 1170 493 1217 sine
502 1171 593 1217 viribus
603 1171 715 1217 umbram

62 1237 89 1284 in
98 1236 186 1284 faciem
195 1239 293 1285 Aeneae
303 1238 366 1293 (visu
375 1238 486 1284 mirabile
496 1239 641 1294 monstrum)

63 1306 196 1353 Dardaniis
205 1308 278 1353 ornat
287 1307 351 1363 telis,
361 1306 511 1362 clipeumque
520 1305 636 1363 iubasque

63 1374 139 1421 divini
150 1374 277 1421 assimulat
287 1374 380 1431 capitis,
391 1374 434 1421 dat
443 1375 526 1421 inania
534 1375 617 1432 verba,

13 1452 55 1503 ⁶40
63 1443 107 1490 dat
117 1443 169 1490 sine
179 1445 258 1490 mente
268 1457 361 1499 sonum,
371 1457 516 1499 gressusque
526 1443 618 1500 effingit
628 1443 716 1499 euntis,

63 1514 143 1560 morte
153 1512 220 1559 obita
229 1510 311 1566 quales
320 1510 387 1558 fama
397 1512 434 1558 est
443 1510 546 1558 volitare
555 1510 656 1568 figuras,

63 1584 109 1629 aut
118 1596 179 1636 quae
189 1580 279 1635 sopitos
289 1579 408 1626 deludunt
417 1579 511 1626 somnia
519 1594 612 1627 sensus.

63 1650 100 1697 At
110 1649 201 1705 primas
210 1649 276 1696 laeta
285 1649 343 1694 ante
352 1648 415 1695 acies
425 1647 532 1695 exsultat
542 1648 631 1706 imago,

63 1719 193 1774 irritamue
203 1718 282 1763 virum
293 1717 348 1764 telis
357 1718 382 1764 et
392 1732 449 1765 voce
458 1717 564 1765 lacessit.

65 1787 148 1834 Instat
158 1787 198 1834 cui
207 1786 305 1832 Turnus
315 1785 503 1842 stridentemque
513 1787 606 1834 eminus
616 1786 713 1833 hastam

66 1856 162 1903 coniicit
172 1875 177 1902 :
192 1854 236 1901 ilia
245 1855 304 1902 dato
313 1855 389 1901 vertit
398 1854 502 1912 vestigia
511 1857 590 1914 tergo.

66 1924 130 1970 Tum
140 1928 197 1970 vero
207 1925 307 1971 Aenean
317 1938 428 1970 aversum
438 1925 467 1970 ut
477 1924 562 1971 cedere
573 1925 671 1970 Turnus

67 1993 169 2040 credidit
175 1995 247 2048 atque
255 1993 335 2039 animo
344 2008 410 2048 spem
417 1992 529 2039 turbidus
539 1992 622 2039 hausit
630 1991 742 2037 inanem:

69 2061 75 2082 ‘
85 2062 139 2118 Quo
147 2061 221 2119 tugis,
232 2062 333 2108 Aenea?
345 2060 465 2108 thalamos
475 2076 506 2107 ne
515 2060 598 2106 desere
608 2060 705 2114 pactos3

20 2140 58 2187 ⁶50
67 2131 114 2179 hac
124 2130 223 2177 dabitur
233 2131 320 2178 dextra
328 2128 402 2176 tellus
412 2128 521 2184 quaesita
530 2143 574 2182 per
581 2125 676 2172 undas’

68 2199 139 2247 Talia
148 2199 284 2248 vociferans
294 2198 411 2253 sequitur,
423 2196 581 2250 strictumque
591 2194 702 2241 coruscat

68 2285 216 2326 mucronem,
227 2283 271 2315 nec
281 2267 345 2314 terre
355 2266 421 2312 videt
432 2280 476 2311 sua
484 2263 575 2321 gandia
584 2263 679 2310 ventos.

69 2339 144 2387 Forte
154 2338 215 2386 ratis
228 2336 286 2384 celsi
296 2334 426 2382 coniuncta
435 2333 556 2388 crepidine
567 2331 619 2378 saxi

69 2407 183 2464 expositis
193 2406 274 2453 stabat
285 2403 355 2451 scalis
365 2404 389 2450 et
399 2403 472 2458 ponte
482 2401 576 2456 parato,

70 2492 118 2531 qua
124 2491 168 2522 rex
178 2473 282 2522 Clusinis
292 2471 408 2519 advectus
418 2469 516 2518 Osinius
526 2467 581 2515 oris.

118 2544 127 2592 (
137 2543 189 2593 ³6⁵)
