1972 3164
354 156 375 195 P.
389 154 509 195 VERGILI
522 153 651 195 MARONIS

163 252 274 302 Dixerat.
304 255 349 302 Ille
359 254 444 302 rudem
453 253 523 301 nodis
532 256 557 300 et
567 252 658 300 cortice
668 253 745 301 crudo

163 322 287 380 intorquet
297 324 397 371 summis
406 322 510 370 annixus
519 321 612 369 viribus
622 322 721 369 hastam
730 343 736 369 ε

164 407 280 448 excepere
289 408 363 440 aurae
371 412 377 449 ;
391 391 479 440 vulnus
489 390 606 439 Saturnia
616 392 680 439 Iuno

165 462 268 510 detorsit
278 462 385 519 veniens,
395 464 527 518 portaeque
536 461 649 518 infigitur
659 461 740 509 hasta.

166 530 216 578 ‘At
225 547 274 578 non
283 531 328 579 hoc
337 531 423 587 telum,
434 545 488 576 mea
497 530 561 585 quod
571 529 595 576 vi
605 529 709 576 dextera
718 531 811 587 versat,

166 600 267 656 effugies
276 619 283 657 ς
298 615 374 656 neque
383 599 447 647 enim
457 599 478 646 is
486 598 530 646 teli
539 613 583 646 nec
592 597 701 646 vulneris
711 600 800 647 auctor
807 599 826 646 ε’

167 668 201 716 sic
210 668 254 725 ait,
265 671 290 716 et
300 668 425 715 sublatum
434 667 484 715 alte
494 667 619 726 consurgit
628 667 655 714 in
664 682 758 724 ensem,

119 751 156 790 750
167 738 192 784 et
202 737 305 784 mediam
315 737 381 784 ferro
390 735 487 793 gemina
496 735 563 784 inter
571 737 683 791 tempora
692 736 803 783 frontem

167 805 252 853 dividit
262 805 419 862 impubesque
428 804 529 852 immani
538 803 640 851 vulnere
649 804 737 851 malas.

167 874 209 920 Fit
219 888 301 931 sonus,
312 873 406 931 ingenti
416 888 533 921 concussa
541 874 579 920 est
589 873 696 929 pondere
706 873 796 921 tellus:

167 942 283 998 collapsos
293 944 363 990 artus
373 943 446 998 atque
458 956 528 988 arma
537 943 639 989 cruenta
649 941 750 988 cerebro

168 1011 255 1058 sternit
264 1010 333 1058 humi
342 1011 455 1067 moriens,
465 1012 538 1066 aeque
548 1009 584 1056 illi
593 1009 705 1066 partibus
715 1008 800 1065 aequis

168 1079 215 1127 huc
225 1081 300 1135 caput
309 1081 382 1134 atque
391 1078 450 1126 illuc
460 1093 544 1125 umero
554 1093 584 1125 ex
593 1079 698 1134 utroque
709 1078 833 1134 pependit.

169 1147 310 1205 Diffugiunt
319 1147 383 1195 versi
392 1147 488 1203 trepida
497 1147 626 1194 formidine
637 1148 713 1194 Troes
723 1167 730 1194 ι

168 1218 193 1264 et
203 1216 224 1263 ai
234 1216 347 1264 continuo
356 1215 473 1263 victorem
483 1231 513 1264 ea
521 1231 581 1263 cura
591 1215 704 1272 subisset,

168 1299 280 1340 rumpere
285 1284 394 1332 claustra
402 1300 478 1331 manu
487 1283 608 1340 sociosque
617 1283 752 1331 immittere
759 1283 846 1340 portis,

169 1353 269 1400 ultimus
279 1353 320 1400 ille
330 1353 380 1400 dies
389 1352 453 1400 bello
463 1352 577 1409 gentique
586 1351 689 1410 fuisset3

121 1432 158 1481 760
169 1422 211 1470 sed
220 1422 290 1469 furor
299 1422 425 1470 ardentem
435 1421 561 1477 caedisque
570 1421 657 1470 insana
665 1421 754 1478 cupido

169 1491 220 1550 egit
229 1491 255 1537 in
266 1491 389 1538 adversos.

169 1559 291 1615 Principio
301 1558 424 1606 Phalerim
433 1559 459 1605 et
469 1558 560 1606 succiso
569 1560 661 1616 poplite
671 1560 758 1618 Gygen

169 1628 257 1684 excipit
267 1647 273 1684 ;
287 1628 343 1675 hinc
352 1629 437 1683 raptas
447 1626 596 1683 fugientibus
605 1628 696 1686 ingerit
706 1629 793 1676 hastas

169 1697 195 1744 in
204 1699 301 1754 tergum
312 1696 384 1753 (Iuno
393 1695 457 1742 vires
467 1695 621 1751 animumque
631 1697 766 1753 ministrat)
775 1717 782 1754 ;

169 1765 238 1813 addit
247 1764 339 1820 Hnlym
349 1763 461 1810 comitem
471 1764 497 1808 et
507 1763 601 1810 confixa
611 1765 708 1822 Phegea
718 1781 814 1822 parma,

169 1835 265 1891 ignaros
276 1833 361 1881 deinde
371 1832 398 1879 in
408 1831 485 1877 muris
495 1831 648 1888 Martemque
658 1835 750 1881 cientes

170 1904 366 1958 Alcandrumque
389 1900 538 1957 Haliumque
562 1900 733 1958 Noemonaque
762 1902 849 1958 Pryta-

225 1987 331 2028 mmque.

170 2042 267 2097 Lyncea
276 2040 417 2088 tendentem
427 2041 513 2087 contre
521 2039 644 2094 sociosque
653 2040 782 2086 vocantem

170 2109 276 2156 vibranti
285 2108 366 2165 gladio
375 2108 473 2155 conixus
483 2108 514 2155 ob
524 2122 612 2164 aggere
622 2107 707 2154 dexter

123 2200 160 2237 77⁰
170 2179 272 2234 occupat
282 2196 289 2234 ς
303 2177 360 2224 huic
369 2192 418 2223 uno
428 2176 547 2224 deiectum
557 2176 690 2223 comminue
700 2175 752 2222 ictu

170 2261 226 2293 cum
235 2245 306 2302 galea
314 2245 384 2301 longe
394 2245 468 2292 iacuit
479 2245 560 2300 caput.
590 2243 651 2290 Inde
661 2243 771 2290 ferarum

165 2316 317 2361 vvastatorem
328 2313 456 2368 Amycum,
467 2327 513 2367 quo
523 2327 571 2358 uon
581 2311 675 2358 felicior
685 2311 750 2357 alter

170 2396 262 2437 ungere
271 2381 321 2428 tela
329 2396 403 2427 manu
412 2380 551 2435 ferrumque
561 2394 657 2426 armare
666 2392 768 2436 veneno,

171 2450 196 2494 et
207 2449 313 2504 Clytium
322 2449 439 2496 Aeoliden
449 2451 473 2495 et
482 2447 587 2494 amicum
599 2447 705 2495 Crethea
715 2447 803 2502 Musis,

219 2515 228 2563 (
238 2516 290 2564 342)
