1972 3164
456 162 478 201 P.
492 161 612 202 VERGILI
624 160 754 201 MARONIS

217 268 255 305 430
264 255 307 305 ille
316 254 405 314 pedum
416 255 500 305 melior
508 257 577 305 motu
585 255 710 313 fretusque
719 255 828 315 iuventa,

265 326 305 374 hie
314 325 429 373 membris
438 326 464 372 et
473 325 534 372 mole
544 325 626 372 valens
635 343 641 381 ;
657 324 699 371 sed
708 324 780 370 tarda
790 322 907 371 trementi

266 409 346 450 genua
355 394 448 451 labant,
459 396 540 441 vastos
550 394 630 449 quatit
639 408 711 450 aeger
721 393 843 440 anhelitus
853 393 931 440 artus.

266 461 349 508 Multa
361 462 408 508 viri
417 461 559 517 nequiquam
568 461 633 508 inter
642 476 667 508 se
676 461 779 507 vulnera
787 461 889 517 iactant,

267 531 345 577 multa
355 545 413 577 cavo
422 530 494 577 lateri
503 530 655 586 ingeminant
664 531 690 577 et
699 532 797 586 pectore
807 531 890 576 vastos

267 598 327 645 dant
337 598 439 654 sonitus,
449 599 562 654 erratque
572 613 643 644 aures
653 599 678 645 et
688 600 798 652 tempora
808 597 899 658 circum

267 666 352 714 crebra
360 680 454 723 manus,
466 666 527 713 duro
537 667 659 722 crepitant
669 666 714 713 sub
724 665 824 713 vulnere
834 666 921 714 malae.

267 736 324 783 Stat
332 735 415 792 gravis
424 735 546 792 Entellus,
557 735 658 790 nisuque
667 735 782 782 immotus
792 734 876 781 eodem

267 818 366 859 corpore
376 802 427 849 tela
437 803 506 850 modo
516 804 589 858 atque
598 803 674 851 oculis
683 802 841 859 uigilantibus
851 801 909 849 erit.

268 872 323 929 Ille,
333 871 401 919 velut
411 872 501 919 celsam
511 873 638 928 oppugnat
648 871 689 927 qui
697 871 801 918 molibus
811 870 904 929 urbem,

220 959 258 995 440
268 942 313 987 aut
322 941 438 986 montana
447 940 515 987 sedet
525 940 616 987 circum
626 940 727 988 castella
735 939 780 986 sub
790 939 873 996 armis,

269 1024 335 1056 nunc
343 1009 397 1065 hos,
407 1023 473 1054 nunc
482 1008 535 1054 illos
546 1008 635 1065 aditus,
646 1022 787 1063 omnemque
796 1008 909 1065 pererrat

184 1121 189 1130 ,
269 1078 322 1124 arte
331 1076 411 1124 locum
421 1079 446 1124 et
456 1076 530 1123 variis
540 1077 672 1123 assultibus
681 1077 766 1123 irritus
776 1079 857 1133 urget.

270 1145 383 1193 Ostendit
393 1145 504 1192 dextram
514 1144 643 1202 insurgens
652 1145 765 1193 Entellus
773 1147 799 1191 et
809 1145 859 1192 alte

269 1213 358 1261 extulit
368 1234 373 1260 1
387 1213 429 1260 ille
437 1213 515 1261 ictum
522 1212 659 1260 venientem
668 1229 684 1260 a
694 1213 783 1260 vertice
793 1213 863 1259 velox

270 1281 389 1338 praevidit
399 1281 518 1337 celerique
527 1281 624 1336 elapsus
634 1296 733 1337 corpore
743 1281 815 1328 cessit
824 1299 831 1337 ;

270 1349 383 1398 Entellus
393 1349 456 1396 vires
466 1349 492 1396 in
502 1350 602 1397 ventum
612 1349 707 1406 effudit,
718 1351 743 1397 et
753 1349 820 1396 ultro

269 1419 321 1474 ipse
332 1417 412 1476 gravis
422 1417 576 1476 graviterque
587 1417 618 1464 ad
629 1419 720 1464 terram
730 1417 836 1474 pondere
845 1417 915 1462 vasto

272 1486 383 1542 concidit,
390 1487 419 1532 ut
429 1485 549 1542 quondam
559 1501 620 1533 cava
630 1485 734 1533 concidit
743 1486 788 1532 aut
797 1484 950 1541 Erymantho

272 1557 316 1601 aut
326 1554 371 1601 Ida
379 1553 406 1600 in
415 1569 504 1610 magna
513 1553 635 1600 radicibus
644 1555 715 1602 eruta
724 1554 804 1610 pinus.

224 1635 261 1673 450
274 1623 430 1678 Consurgunt
439 1622 525 1669 studiis
536 1621 623 1670 Teucri
632 1623 657 1669 et
667 1622 793 1669 Trinacria
802 1621 877 1676 pubes
887 1640 893 1674 ς

271 1691 293 1736 11
303 1690 393 1737 clamor
402 1690 475 1747 caelo,
486 1690 624 1747 primusque
634 1691 740 1738 accurrit
749 1690 849 1737 Acestes

273 1772 464 1814 aequaevumque
474 1757 505 1804 ab
514 1757 588 1804 humo
598 1758 716 1804 miserens
725 1757 817 1804 attollit
827 1756 941 1802 amicum.

273 1827 309 1873 At
321 1841 370 1872 non
379 1826 492 1872 tardatus
502 1842 560 1873 casu
569 1841 646 1882 neque
655 1826 757 1873 territus
766 1825 837 1872 heros

274 1894 351 1942 acrior
360 1894 391 1941 ad
397 1910 504 1950 pugnam
513 1895 577 1941 redit
586 1910 614 1942 ac
624 1896 673 1941 vim
684 1895 785 1942 suscitat
794 1894 840 1941 ira.

275 1964 338 2010 Tum
347 1963 424 2019 pudor
433 1963 539 2009 incendit
548 1964 611 2010 vires
620 1965 646 2010 et
656 1963 848 2019 consciavirtus3

274 2031 474 2088 praecipitemque
484 2030 568 2077 Daren
575 2031 662 2078 ardens
672 2031 723 2087 agit
732 2045 834 2086 aequore
843 2032 897 2077 toto

275 2100 340 2147 nunc
349 2099 436 2146 dextra
444 2099 595 2155 ingeminans
605 2099 677 2155 ictus,
687 2114 752 2146 nunc
760 2099 800 2146 ille
810 2099 917 2147 sinistra.

276 2169 328 2215 Nec
334 2183 403 2214 mora
410 2182 454 2214 nec
463 2167 556 2223 requies
565 2188 571 2214 z
586 2183 659 2222 quam
665 2166 861 2222 multagrandine
867 2166 944 2212 nimbi

277 2236 420 2285 culminibus
430 2235 559 2293 crepitant,
570 2235 604 2282 sic
614 2235 694 2282 densis
703 2234 791 2282 ictibus
801 2234 872 2281 heros

228 2307 266 2354 46⁰
278 2305 361 2352 creber
369 2306 472 2359 utraque
485 2319 560 2350 manu
571 2303 792 2359 perseverantque
802 2302 905 2350 Dareta.

279 2373 341 2419 Tum
351 2373 421 2428 pater
430 2372 524 2418 Aeneas
534 2372 660 2426 procedere
671 2371 766 2429 longius
775 2371 824 2417 iras

277 2442 302 2486 et
312 2440 403 2486 saevire
414 2439 501 2486 animis
511 2439 636 2485 Entellum
645 2439 712 2485 haud
719 2453 804 2494 passus
814 2438 915 2494 acerbis,

326 2505 334 2554 1
343 2520 378 2554 2²4
388 2506 396 2551 >
