1972 3164
308 166 418 207 hasale.
444 168 476 208 IV

56 261 115 308 dum
125 261 210 318 pelago
219 262 326 310 desaevit
335 263 428 320 hiemps
437 267 462 313 et
472 281 574 322 aquosus
585 267 669 326 Orion,

56 331 230 386 quassataeqse
240 332 314 388 rates,
325 332 383 379 dum
392 348 440 380 non
449 334 578 382 tractabile
588 336 698 384 eaelum!

86 397 134 445 His
143 398 214 445 dietis
224 398 348 447 incensum
358 401 466 448 animum
475 402 609 451 flammavit
619 420 708 462 amore,

56 481 172 522 spemque
181 467 248 514 dedit
257 467 343 516 dubiae
353 469 429 516 menti
439 469 557 526 solvitque
566 472 691 527 pudorem.

56 534 180 590 Principio
189 536 289 584 delubra
298 537 389 584 adeunt
398 553 528 594 pacemque
538 555 582 594 per
592 555 649 587 aras

55 603 186 658 exquirunt
194 622 201 660 ;
215 606 325 652 mactant
331 605 407 653 lectas
417 606 446 652 de
455 621 521 654 more
531 607 641 655 bidentes

55 671 171 728 legiferae
182 673 264 720 Cereri
274 673 416 729 Phoeboque
425 674 535 731 patrique
545 676 633 734 Lyaeo,

56 739 146 787 Iunoni
155 742 213 788 ante
222 756 313 798 omnes,
323 742 362 789 cni
372 742 452 790 vincla
460 744 551 801 iugalia
560 760 640 792 curae.

19 812 47 853 60
55 810 116 867 Ipsa
124 812 210 858 tenens
220 809 306 856 dextra
315 811 425 865 pateram
434 811 597 866 pulcherrima
606 813 670 860 Dido

56 878 182 926 candentis
191 893 279 925 vaccae
288 878 367 925 media
376 878 441 926 inter
450 895 541 926 cornua
550 880 641 939 fundit,

56 949 101 994 aut
111 948 168 994 ante
178 961 221 994 ora
230 946 302 993 deum
312 946 412 1002 pingues
422 947 542 1002 spatiatur
550 949 581 995 ad
591 964 655 1005 aras,

55 1015 225 1071 instauratque
234 1014 298 1062 diem
307 1014 383 1071 donis,
394 1016 558 1071 pecudumque
567 1017 667 1063 reclusis

56 1083 194 1140 pectoribus
203 1082 300 1130 inhiens
310 1082 427 1138 spirantia
436 1084 540 1131 consulit
549 1086 615 1132 exta.

56 1153 115 1200 Heu
124 1153 209 1199 vatum
218 1151 318 1207 ignarae
328 1153 421 1198 mentes
431 1155 436 1199 ἔ
457 1152 515 1207 quid
523 1155 582 1199 vota
591 1152 722 1210 furentem,

56 1220 115 1276 qnid
124 1219 226 1267 delubra
234 1219 337 1267 iuvant?
359 1220 406 1266 Est
416 1219 499 1267 molles
509 1220 606 1267 flamma
615 1221 733 1269 medullas

55 1289 158 1345 interea,
167 1289 193 1335 et
202 1288 305 1335 tacitum
315 1288 375 1336 vivit
385 1288 429 1335 sub
439 1290 536 1343 pectore
545 1289 642 1336 vulnus.

56 1357 147 1406 Uritur
156 1356 240 1403 infelix
250 1356 314 1404 Dido
323 1358 422 1412 totaqme
432 1358 538 1412 vagatur

55 1425 118 1474 nrbe
127 1425 219 1482 iurans,
230 1425 307 1480 qualis
317 1425 425 1473 coniecta
434 1439 506 1472 cerva
515 1424 615 1482 sagitta,

19 1509 46 1546 70
56 1509 130 1550 quam
139 1492 224 1549 procul
233 1493 356 1540 incautam
366 1508 466 1540 nemora
475 1493 540 1540 inter
550 1492 633 1540 Cresia
642 1491 695 1538 fixit

55 1564 141 1620 pastor
150 1577 224 1620 agens
233 1562 296 1619 telis,
307 1562 424 1618 liquitque
433 1561 531 1609 volatile
540 1562 633 1608 ferrum

55 1631 167 1688 nescius3
181 1631 224 1678 illa
232 1631 294 1689 iuga
303 1630 375 1678 silvae
385 1631 508 1687 saltusque
518 1632 633 1686 peragrat

56 1700 180 1756 Dictaeos,
190 1699 276 1746 haeret
284 1699 357 1746 lateri
366 1698 446 1746 letalis
456 1699 575 1746 harundo.

56 1769 131 1816 Nunc
140 1768 219 1816 media
227 1768 328 1815 Aenean
338 1782 419 1814 secum
428 1782 472 1822 per
481 1767 575 1814 moenia
585 1766 652 1814 ducit

57 1836 215 1892 Sidoniasque
223 1837 331 1883 ostentat
341 1850 397 1890 opes
407 1835 536 1891 urbemque
546 1838 672 1892 paratam

55 1905 142 1961 incipit
151 1904 222 1952 effari
233 1904 358 1960 mediaque
367 1904 393 1950 in
402 1919 459 1952 voce
468 1904 561 1952 resistit
569 1923 575 1960 ;

56 1989 122 2021 nunc
132 1973 215 2021 eadem
223 1972 320 2020 labente
330 1972 369 2020 die
379 1972 487 2020 convivia
497 1972 601 2029 quaerit,

56 2038 190 2094 Iliacosque
198 2038 288 2084 iterum
298 2037 395 2084 demens
405 2038 488 2085 audire
496 2037 592 2084 labores

56 2106 164 2162 exposcit
173 2106 308 2162 pendetque
318 2106 407 2153 iterum
416 2105 540 2152 narrantis
550 2105 581 2151 ab
590 2119 640 2151 ore.

18 2185 46 2224 8ο
57 2175 117 2223 Post
126 2174 169 2222 ubi
178 2174 287 2233 digressi,
297 2174 425 2230 lumenque
435 2174 537 2221 obscure
546 2173 650 2221 vicissim

56 2244 117 2291 luna
126 2242 222 2299 premit,
233 2243 382 2298 euadentqne
392 2243 504 2290 cadentia
513 2241 592 2288 sidera
601 2254 705 2296 somnos,

57 2311 109 2360 sola
118 2311 189 2359 domo
198 2314 290 2359 maeret
299 2327 384 2369 vacua,
395 2311 526 2367 stratisque
535 2310 626 2357 relictis

56 2380 168 2437 incubat3
182 2380 251 2427 illum
260 2379 347 2427 absens
357 2380 481 2426 absentem
488 2378 602 2433 auditque
608 2376 733 2432 videtque

56 2451 102 2498 ant
111 2449 203 2505 gremio
212 2448 353 2506 Ascanium,
363 2447 479 2504 genitoris
488 2447 592 2504 imagine
602 2447 682 2502 capta,

105 2518 115 2567 (
125 2517 177 2567 ¹89)
