1972 3164
371 111 393 150 Ρ.
407 111 528 151 VERGILI
540 111 669 153 morus

180 207 275 264 speravi
286 208 325 263 (ne
335 206 408 264 finge)
418 207 511 266 fugam,
522 223 566 258 nec
576 209 683 267 coniugis
692 225 808 268 umquam

181 276 309 332 praetendi
317 276 403 324 taedas
413 279 458 324 ant
467 277 527 325 haec
536 278 563 325 in
573 278 672 326 foedera
681 279 745 327 veni.

132 357 169 394 3⁴⁰
182 345 224 392 hie
234 344 316 392 aifatu
324 345 384 392 meis
394 346 539 400 paterentur
549 346 636 395 ducere
645 347 723 394 vitam

182 412 295 469 auspiciis
305 414 330 460 et
343 415 429 469 sponte
438 429 492 461 mea
501 429 644 470 componere
654 430 734 472 curas,

182 481 268 529 urbem
278 481 409 528 Troianam
418 482 524 538 primum
538 482 666 538 dulcesque
675 498 784 530 meorum

182 549 295 605 reliquias
306 548 415 607 colerem,
426 550 519 597 Priami
527 553 595 598 tecta
604 551 656 599 alta
664 554 801 610 manerent,

182 620 208 666 et
216 618 323 666 recidiva
332 633 407 664 manu
416 619 548 674 posuissem
557 619 679 676 Pergama
687 621 768 668 victis.

182 687 231 735 aed
240 702 305 734 nunc
314 685 413 733 Italiam
422 701 538 743 magnam
548 688 660 744 Gryneus
669 689 765 746 Apollo,

182 754 282 804 Italiam
292 755 380 810 Lyciae
388 755 480 802 iussere
490 771 614 811 capessere
623 757 715 813 sortes;

182 823 222 871 hic
231 838 308 878 amor,
318 823 378 870 haec
387 823 469 879 patria
475 825 521 871 est.
551 823 578 871 si
589 824 615 872 te
628 824 787 882 Carthaginis
796 840 864 875 arces

183 891 339 939 Phoenissam
349 891 499 947 libycosque
508 893 619 948 aspectus
628 892 722 940 detinet
731 893 808 951 urbis,

183 975 245 1016 quae
254 960 353 1007 tandem
363 960 472 1007 Ausonia
481 960 587 1008 'l'eucros
597 961 720 1009 considere
728 963 797 1009 terra

135 1045 172 1084 ³50
183 1033 275 1080 invidia
284 1034 337 1079 est?
365 1033 399 1079 Et
407 1047 452 1080 nos
462 1032 501 1080 ias
510 1035 595 1081 extera
600 1049 716 1090 quaerere
724 1049 810 1090 regna.

184 1103 226 1150 Me
236 1101 313 1158 patris
323 1101 452 1159 Anchisae,
463 1101 573 1157 quotiens
583 1102 722 1150 umentibus
731 1102 824 1149 umbris

184 1170 323 1226 noxoperit
331 1172 420 1227 terras,
431 1170 540 1226 quotiens
550 1171 619 1217 astra
627 1170 700 1228 ignea
709 1172 822 1230 surgunt,

185 1240 303 1286 admonet
312 1238 338 1285 in
347 1237 437 1286 somnis
447 1240 472 1285 et
482 1238 581 1285 turbida
589 1240 667 1286 terret
674 1238 763 1297 imago,

184 1323 224 1355 me
234 1323 295 1364 puer
304 1306 424 1354 Ascanius
432 1306 565 1362 capitisque
574 1307 664 1354 iniuria
673 1307 732 1364 cari,

185 1391 256 1434 quem
265 1390 341 1433 regno
351 1375 485 1431 Hesperiae
494 1375 582 1422 fraudo
591 1376 617 1423 et
625 1374 743 1422 tatalibus
753 1375 826 1423 arvis.

185 1446 259 1493 Nunc
269 1445 344 1492 etiam
353 1443 474 1500 interpres
483 1443 567 1490 divum
575 1443 633 1490 Iove
643 1443 731 1490 missus
741 1443 842 1501 abipso,

185 1514 273 1571 (testor
282 1515 412 1568 utrumqne
421 1512 504 1568 caput)
515 1511 602 1558 celeres
612 1512 729 1558 mandata
737 1526 783 1568 per
792 1526 867 1560 auras

185 1582 275 1630 detulit
285 1600 291 1638 3
305 1581 357 1637 ipse
367 1581 438 1628 deum
447 1579 577 1627 manifesto
586 1579 612 1626 in
621 1578 713 1627 lumine
723 1579 775 1626 vidi

184 1650 320 1697 intrantem
330 1664 420 1705 muros,
433 1662 562 1703 vocemque
571 1647 609 1694 his
618 1647 717 1694 auribus
726 1646 806 1694 heusi.

138 1718 175 1767 360
186 1718 276 1765 Desine
286 1733 371 1773 meque
380 1717 429 1765 tuis
436 1716 563 1764 incendere
572 1717 644 1772 teme
653 1715 766 1771 querellis
776 1737 782 1764 z

187 1786 287 1833 Italiam
296 1801 346 1832 non
356 1788 441 1841 sponte
451 1785 555 1841 sequor!

215 1854 285 1900 Talia
294 1854 414 1901 dicentem
423 1852 563 1900 iamdudum
573 1867 659 1900 aversa
668 1853 753 1900 tuetur

186 1922 234 1970 huc
241 1922 299 1970 illuc
307 1923 406 1969 volvens
413 1922 502 1979 oculos,
513 1923 639 1976 totumque
649 1922 759 1976 pererrat

186 1991 318 2039 luminibus
328 1991 417 2047 tacitis,
428 1992 454 2037 et
464 1990 497 2037 sic
507 2005 608 2037 accensa
617 1989 745 2045 profatur:

188 2060 194 2082 ‘
203 2061 256 2108 Nec
261 2060 306 2107 tibi
312 2059 368 2106 diva
375 2073 472 2114 parens,
479 2058 572 2114 generis
581 2072 626 2104 nec
632 2057 765 2104 Dardanus
773 2056 867 2113 auctor,

187 2129 286 2186 perfide,
297 2128 339 2175 sed
349 2126 414 2174 duris
424 2127 510 2183 genuit
519 2129 544 2173 te
554 2125 665 2172 cautibus
675 2124 778 2172 horrens

187 2199 310 2246 Caucasus
320 2196 496 2251 Hyrcanaeque
506 2195 638 2241 admorunt
647 2193 723 2240 ubera
733 2193 819 2250 tigres.

187 2266 253 2313 Nam
269 2265 326 2321 quid
343 2263 466 2311 dissimulo
482 2264 526 2310 aut
541 2276 602 2318 quae
619 2276 657 2308 me
672 2262 704 2308 sd
720 2261 814 2308 maiora
831 2275 868 2307 re·

245 2336 330 2381 servo?

188 2416 248 2448 num
258 2401 318 2448 fletu
327 2401 446 2458 ingemuit
455 2401 558 2447 nostro?
570 2414 629 2446 num
639 2398 733 2445 lumina
741 2397 827 2444 flexit?

236 2469 308 2518 (198)
