1972 3164
367 311 389 349 P.
402 310 523 350 vsaolnl
535 310 665 352 MARONIS

177 408 203 453 ot
213 407 331 454 sternacis
340 408 394 463 equi
404 408 498 464 lapsum
509 409 601 456 cervice
611 409 773 465 Thymoeten.

179 476 216 522 Ao
225 475 293 523 velut
304 475 382 522 Edoni
392 477 485 523 Boreae
495 492 550 540 cum
560 476 661 532 spiritus
670 478 725 525 alto

178 544 276 591 insonat
285 544 382 600 Aegaeo
395 545 550 600 sequiturque
559 545 591 592 ad
600 544 674 592 litora
684 546 785 604 fluetus,

180 628 228 668 qua
237 612 305 660 venti
313 612 451 670 incubuere,
461 613 546 669 fugam
557 613 617 660 dant
627 613 714 661 nubila
722 615 792 663 caelo
802 637 808 664 ε

180 681 215 728 sic
226 681 318 737 Turno,
328 695 478 743 quacumque
488 680 552 728 viam
563 682 639 738 secat,
650 683 753 738 agmina
763 685 853 732 cedunt

181 763 356 804 conversaeque
365 751 442 797 ruunt
452 748 515 796 acies
525 768 531 806 ς
544 749 595 796 lert
604 749 712 805 impetus
722 751 814 810 ipsum,

133 834 169 871 370
181 819 207 864 et
217 818 315 864 cristam
325 817 426 864 adverso
435 833 511 864 curru
519 817 600 873 quatit
609 833 671 864 aura
681 819 816 868 volantem.

181 886 237 932 Non
241 885 299 932 tulit
305 885 437 932 instantem
443 885 553 942 Phegeus
558 885 692 941 animisque
698 887 858 936 frementem:

181 953 266 1000 obiecit
276 968 327 1000 sese
337 954 368 1000 ad
374 968 472 1000 currum
482 955 507 1001 et
517 953 657 1010 spumantia
665 954 745 1002 frenis

181 1036 225 1068 ora
234 1021 363 1068 citatorum
369 1021 457 1068 dextra
466 1021 567 1069 detorsit
577 1036 703 1077 equorum.

182 1089 248 1136 Dum
257 1089 365 1136 trahitur
374 1090 510 1145 pendetque
518 1089 589 1146 iugis,
599 1089 665 1137 hunc
675 1091 728 1137 lata
738 1093 858 1139 retectum

181 1157 266 1204 lancea
274 1157 435 1214 consequitur,
445 1157 584 1213 rumpimue
592 1158 669 1204 infixa
678 1157 776 1206 bilicem

181 1225 289 1283 loricam,
298 1228 324 1272 et
333 1240 455 1273 summum
464 1225 579 1282 degustat
588 1225 691 1274 uulnere
702 1242 800 1284 corpus.

182 1294 227 1342 Ille
237 1296 320 1341 tamen
329 1294 406 1350 clipeo
414 1294 508 1341 obiecto
517 1309 646 1341 conversus
655 1293 683 1340 in
692 1295 790 1342 hostem

180 1361 241 1420 ibat,
251 1362 277 1408 et
286 1361 402 1408 auxilium
417 1361 490 1409 ducto
500 1376 613 1409 mucrone
623 1362 722 1418 petebat
732 1383 737 1410 ε

182 1445 237 1478 cnm
247 1431 303 1477 rota
311 1430 468 1486 praecipitem
477 1431 503 1477 et
512 1445 631 1487 procursu
640 1431 751 1478 concitus
761 1433 814 1479 axis

135 1505 172 1552 380
182 1498 279 1555 impulit
288 1499 438 1554 effunditque
446 1498 505 1557 solo,
517 1500 659 1554 Turnusque
669 1501 770 1547 secutus

182 1567 255 1613 imam
265 1567 330 1613 inter
338 1567 433 1624 galeam
442 1567 532 1615 summi
540 1567 646 1614 thoracis
656 1569 682 1614 et
691 1583 748 1615 oras

182 1635 284 1681 abstulit
293 1651 349 1682 ense
359 1637 441 1693 caput,
451 1637 613 1691 truncumque
622 1635 719 1691 reliquit
729 1637 846 1684 harenae.

211 1704 291 1759 Atque
300 1719 329 1750 ea
338 1704 396 1750 dum
408 1705 499 1760 campis
508 1705 586 1751 victor
595 1704 638 1751 dat
647 1704 738 1751 funera
752 1705 859 1761 Turnus,

183 1772 277 1819 interea
286 1773 385 1820 Aenean
394 1773 537 1820 Mnestheus
547 1775 572 1820 et
581 1772 643 1819 fidus
652 1773 761 1820 Achates

184 1841 349 1896 Ascaniusque
359 1857 438 1888 eomes
448 1841 535 1888 castris
545 1843 653 1888 statuere
661 1845 801 1898 cruentum,

183 1910 289 1957 alternos
299 1909 373 1966 longa
381 1910 500 1956 nitentem
510 1910 607 1965 cuspide
616 1924 720 1964 gressus.

183 1976 273 2034 Saevit,
282 1979 308 2023 et
317 1976 424 2023 infracta
432 1977 542 2024 luctatur
551 1977 685 2024 harundine
695 1977 774 2024 telum

183 2045 282 2101 eripere,
293 2044 428 2100 auxilioque
435 2045 500 2091 riam
510 2062 570 2101 quae
581 2048 689 2102 proxima
699 2049 792 2102 poscit=

184 2128 239 2162 ense
249 2114 329 2160 secent
338 2113 389 2159 lato
397 2113 494 2169 vulnus,
505 2115 595 2170 telique
604 2114 724 2160 latebram

137 2205 173 2242 390
184 2182 323 2230 rescindant
333 2181 437 2238 penitus,
448 2197 545 2237 seseque
554 2182 653 2229 inbelle
662 2182 802 2230 remittant.

185 2252 283 2306 Iamque
293 2250 376 2297 aderat
385 2249 482 2297 Phoebo
491 2251 549 2296 ante
558 2250 616 2296 alios
627 2249 729 2296 dilectus
739 2251 820 2307 Iapyx

184 2319 283 2375 Iasides,
295 2318 344 2365 aori
353 2319 473 2374 quondam
483 2319 522 2364 cui
532 2319 617 2372 captus
627 2333 709 2365 amoro

184 2388 235 2443 ipse
245 2403 300 2433 snas
310 2387 385 2442 artes,
395 2401 440 2433 sua
449 2402 558 2441 munera,
568 2385 646 2432 laetus
656 2385 745 2441 Apollo

184 2455 312 2510 augurium
322 2454 486 2509 citharamque
496 2454 569 2500 dabat
579 2454 714 2509 celeresque
724 2455 841 2511 sagittas.

185 2523 230 2569 Ille
240 2525 268 2569 ut
277 2522 380 2578 depositi
388 2522 508 2577 proferret
518 2522 571 2567 iata
579 2522 696 2578 parentis,

184 2589 245 2702 scir?
255 2591 387 2703 potestates
395 2589 525 2637 herbarum
534 2604 651 2644 usumque
661 2589 773 2636 modendi

248 2658 284 2704 416
