1972 3164
414 178 563 220 GEORGICA.
587 179 610 218 11

176 273 284 333 victima,
295 289 365 332 saepe
375 275 418 323 tuo
427 275 520 332 pertusi
529 274 627 324 flumine
636 291 713 335 sacro,

175 345 299 392 Romanos
309 345 340 392 ed
349 345 441 402 templa
451 346 523 393 deum
533 346 622 394 duxere
632 347 775 402 triumphos.

176 413 226 461 Hic
236 429 279 460 ver
288 413 411 461 assiduum
422 416 493 470 atque
504 414 588 462 olienis
598 415 719 462 mensibus
729 417 824 463 aestas:

126 499 163 536 150
175 481 213 528 bis
223 482 338 539 gravidae
346 483 458 540 pecudes,
466 483 502 530 bis
512 484 588 539 pomis
599 484 665 531 utilis
675 484 754 532 arbos.

174 551 210 598 At
220 551 318 598 rabidus
327 551 403 608 tigres
412 551 501 598 absunt
511 553 535 599 et
545 567 618 599 saeva
627 552 722 600 leonum

174 619 276 676 semina,
286 635 330 668 nec
340 619 438 667 miseros
446 620 536 667 fallunt
545 621 641 669 aconita
650 622 766 680 legentes,

173 703 219 735 nec
228 688 294 744 rapit
303 687 430 735 immensos
440 688 508 736 orbes
518 705 562 745 per
570 689 679 747 humum,
690 706 766 746 neque
776 692 848 739 tanto

173 770 301 812 squameus
310 756 337 802 in
347 756 436 812 spiram
446 758 529 804 tractu
538 773 563 804 se
573 758 664 815 colligit
674 759 768 816 anguis.

173 824 244 872 Adde
254 826 291 872 tot
301 825 410 882 egregias
420 824 492 872 urbes
500 841 644 882 operumque
654 827 769 885 laborem,

173 893 213 940 tot
223 896 337 950 congesta
346 908 420 941 manu
429 894 567 949 praeruptis
577 895 664 950 oppida
673 895 736 943 saxis

174 960 321 1017 fluminaque
331 962 442 1019 antiquos
453 962 642 1010 subterlabentia
651 979 740 1012 muros.

171 1029 215 1076 An
233 1043 299 1077 mure
316 1030 379 1085 quod
398 1046 472 1086 supra
490 1046 628 1088 memorem,
648 1033 757 1089 quodque
776 1033 847 1080 alluit

228 1097 310 1145 infra?

172 1167 245 1214 Anne
254 1166 321 1214 lacus
330 1169 413 1215 tantos
421 1187 428 1225 ;
443 1170 477 1226 te,
487 1168 546 1216 Lari
555 1170 666 1228 maxime,
676 1171 756 1227 teque,

124 1248 162 1286 2⁶0
173 1234 287 1282 fluetibus
296 1237 322 1282 et
331 1235 430 1283 fremitu
440 1252 569 1294 assurgens
577 1239 674 1285 Benace
683 1239 794 1286 marino?

170 1303 214 1350 An
223 1318 352 1351 memorem
361 1311 446 1360 portus
456 1305 609 1360 Lucrinoque
619 1306 703 1352 eddita
713 1306 822 1353 claustra

172 1373 246 1427 utque
255 1372 407 1429 indignatum
417 1374 512 1430 magnis
520 1373 662 1421 stridoribus
673 1389 770 1430 aequor,

171 1439 237 1486 Iulia
246 1455 293 1496 qua
302 1443 377 1496 ponto
387 1441 458 1498 louge
468 1442 539 1489 sonat
549 1441 616 1488 unda
624 1441 706 1488 retuso

172 1508 358 1565 Tyrrhenusque
367 1509 437 1557 fratis
447 1509 590 1557 immittitur
599 1512 681 1557 aestus
691 1510 811 1559 Auernis?

171 1577 242 1624 Haec
252 1578 334 1625 eedem
344 1578 440 1635 argenti
449 1579 514 1626 rivos
524 1578 631 1634 aerisque
642 1579 744 1626 metalla

170 1645 278 1693 ostendit
287 1646 353 1693 venis
363 1648 436 1702 atque
445 1662 506 1695 auro
514 1647 620 1702 plurima
629 1649 707 1696 fluxit.

168 1714 241 1762 Haeo
250 1729 325 1771 genus
331 1729 387 1762 acre
394 1715 474 1762 virum
481 1714 576 1762 Marsos
582 1715 716 1772 pubemque
725 1717 845 1765 Sabellum

170 1784 341 1839 assuetumque
351 1783 416 1830 malo
425 1783 539 1840 Iigurem
549 1784 695 1840 Volscosque
704 1788 803 1833 verutos

170 1850 269 1906 extulit,
280 1852 339 1899 haec
349 1851 435 1900 Decios
446 1852 536 1898 Marios
546 1867 693 1909 magnosque
701 1853 823 1911 Camillos,

122 1940 159 1976 170
171 1919 298 1976 Scipiades
307 1921 380 1968 duros
390 1919 453 1966 bello
462 1921 487 1967 et
496 1921 530 1977 te,
541 1921 644 1967 maxime
653 1921 750 1979 Caesar,

170 1988 214 2045 qui
223 2003 288 2036 nunc
297 1988 412 2036 extremis
421 1988 494 2035 Asiae
503 1988 552 2035 iam
562 1989 640 2036 victor
649 1989 675 2036 in
684 1990 732 2037 oris

170 2056 292 2104 imbellem
303 2056 393 2104 avertis
403 2056 519 2103 Romanis
529 2057 625 2104 arcibus
635 2058 732 2105 Indum.

172 2125 253 2182 Salve,
263 2140 353 2182 magna
360 2139 448 2181 parens
458 2125 566 2182 frugum,
577 2125 693 2172 Saturnia
700 2127 782 2183 telius,

170 2209 262 2250 magna
268 2194 348 2240 virum
358 2215 364 2241 ι
378 2193 423 2240 tibi
433 2209 471 2240 ras
481 2194 594 2250 antiquae
603 2194 682 2241 laudis
692 2196 717 2241 et
727 2194 788 2240 artis

170 2262 294 2319 ingredior
302 2264 398 2310 sanctos
409 2277 481 2308 ausus
491 2263 614 2310 recludere
624 2262 713 2318 fontes,

170 2330 350 2386 Ascraeumque
360 2346 421 2378 cano
431 2330 542 2378 Romana
551 2346 594 2386 per
604 2330 692 2386 oppida
702 2344 808 2378 carmen.

199 2398 272 2446 Nunc
281 2400 348 2448 locus
355 2414 468 2446 arvorum
476 2399 585 2456 ingeniis,
593 2413 654 2453 quae
660 2398 843 2456 roboraouique‚

172 2467 228 2584 quis(
234 2468 306 2585 col)or‚
316 2471 341 2515 et
351 2483 412 2525 quae
422 2467 454 2515 sit
464 2467 535 2514 rebus
544 2468 635 2514 natura
644 2465 757 2514 ferendis.

237 2539 259 2575 61
