1972 3164
349 151 459 193 AENEIS.
485 154 497 192 1

82 245 134 294 iam
143 244 215 303 pater
223 245 317 295 Aeneas
327 247 353 295 et
362 247 411 296 iam
421 247 527 296 Troiam
535 246 649 296 iuventus

36 335 73 374 700
83 315 240 374 conveniunt,
250 317 375 373 stratoque
385 332 458 373 super
468 317 629 366 discumbitur
638 320 711 367 ostro.

83 383 154 433 Dant
164 384 274 464 manibus
286 386 372 433 famuli
384 386 505 446 lymphas,
516 388 674 443 Cereremque
685 389 762 436 canis·

82 521 224 579 expediunt,
234 523 355 579 tonsisque
364 525 448 573 ferunt
458 523 653 573 manteliavillis.

83 590 267 647 Quinquaginta
275 591 342 640 intus
351 592 466 651 famulae,
477 593 562 650 quibus
572 593 656 641 ordine
665 592 738 651 longo

83 673 145 706 cura
153 673 243 714 penum
256 662 350 707 struere
360 662 385 708 et
394 661 497 709 flammis
508 662 604 709 adolere
614 664 729 719 penates;

83 727 183 774 centum
192 727 253 774 aliae
262 729 410 784 totidemque
419 745 491 786 pares
501 732 582 778 aetate
591 729 705 787 ministri,

83 794 126 850 qui
135 794 237 851 dapibus
246 811 342 844 mensas
351 800 454 845 onerent
463 799 489 846 et
499 799 586 854 poeula
594 800 695 855 ponant.

83 863 137 910 Nec
146 879 195 911 uon
204 866 230 912 et
240 864 308 920 Tyrii
318 881 361 921 per
370 866 456 913 limina
464 866 530 913 laeta
538 866 679 923 frequentes

83 946 226 990 convenere,
236 933 296 980 toris
305 933 365 981 iussi
374 934 523 982 discumbere
532 935 613 990 pictis.

84 1000 211 1048 Mirantur
220 1001 283 1049 dona
292 1002 397 1060 Aeneae,
407 1003 530 1049 mirantur
541 1003 623 1050 Iulum

34 1089 74 1127 pso
84 1067 264 1125 flagrantesque
274 1071 313 1117 dei
321 1070 405 1117 vultus
415 1070 575 1127 simulataque
585 1071 667 1128 verba,

84 1136 222 1193 pallamque
232 1139 258 1185 et
267 1138 360 1194 pictum
370 1153 454 1186 croceo
462 1139 573 1187 velamen
583 1140 697 1188 acantho.

84 1204 219 1261 Praecipue
228 1205 321 1264 infelix,
331 1206 396 1263 pesti
406 1206 494 1254 devota
503 1207 611 1264 futurae,

84 1273 179 1330 expleri
187 1276 292 1322 mentem
302 1275 385 1331 nequit
394 1275 545 1330 ardescitqpo
555 1276 646 1322 tuendo

84 1341 226 1400 Phoenissa,
236 1345 262 1391 et
271 1345 363 1400 pariter
371 1359 447 1400 puero
457 1342 571 1398 donicens
581 1344 699 1390 movetur.

85 1409 133 1458 Ille
142 1410 185 1458 ubi
193 1412 319 1468 complexu
327 1413 425 1460 Aeneae
435 1410 541 1466 colloque
551 1410 674 1468 pependit,

85 1481 112 1528 et
121 1494 237 1538 maguum
246 1480 304 1528 falsi
312 1480 422 1536 implevit
431 1479 548 1537 genitoris
557 1493 671 1536 amorem,

84 1547 196 1605 remam
205 1549 275 1605 petit.
305 1549 374 1597 Haeo
383 1548 467 1605 oculis,
478 1547 538 1595 haec
547 1549 644 1603 pectore
654 1549 708 1594 toto

86 1616 172 1666 haeret
180 1618 206 1664 et
215 1617 337 1665 interdum
346 1617 439 1674 gremio
448 1617 523 1672 fovet,
534 1615 611 1663 inscia
621 1615 694 1674 Dido,

85 1683 177 1732 insidat
186 1687 292 1740 quantus
302 1684 403 1733 miserae
414 1685 481 1733 deus.
510 1685 547 1732 At
553 1699 646 1732 memor
655 1684 696 1731 ille

38 1774 76 1810 720
86 1753 174 1800 matris
182 1753 305 1801 Acidaliae
315 1753 434 1809 paulatim
443 1753 538 1801 abolere
548 1753 683 1810 Sychaeum

85 1821 181 1878 incipit,
191 1824 217 1869 et
226 1822 281 1868 vivo
290 1823 396 1878 temptat
405 1823 558 1877 praevertere
571 1837 652 1869 amore

86 1889 136 1937 iam
146 1890 238 1946 pridem
247 1890 337 1938 resides
347 1890 439 1937 animos
448 1890 593 1946 desuetaque
605 1890 687 1938 corde.

116 1959 331 2015 Postquamprima
335 1958 402 2015 quies
408 1959 640 2017 epulis‚meusaeque
648 1960 763 2015 remotae,

87 2028 196 2075 crateras
205 2043 306 2085 magnos
316 2028 433 2075 statuunt
442 2029 467 2075 et
477 2028 535 2075 vina
544 2028 669 2075 coronant.
688 2035 691 2039 ’

87 2095 130 2143 Fit
140 2096 256 2153 strepitus
266 2095 338 2143 tectis
346 2111 475 2151 vocemque
485 2112 529 2152 per
538 2096 621 2151 ampla
630 2094 742 2141 volutant

86 2163 167 2219 atria;
182 2164 318 2220 dependent
328 2163 409 2220 lychni
418 2164 571 2219 laquearibus
582 2162 661 2211 aureis

12 2291 14 2298 .
87 2232 187 2290 incensi,
198 2236 224 2280 et
233 2235 329 2280 noctem
339 2232 442 2280 flammis
452 2232 547 2278 funalia
556 2231 664 2278 vincunt.

88 2300 138 2348 Hic
147 2301 232 2357 regius
240 2317 339 2358 gravem
346 2301 447 2358 gemmis
457 2315 563 2355 auroque
572 2298 682 2354 poposcit

87 2368 243 2425 implevitque
252 2385 319 2417 mero
328 2370 446 2424 pateram,
457 2383 529 2424 quam
539 2367 613 2414 Belus
623 2366 648 2414 et
658 2381 739 2413 omnes

259 2463 295 2498 tce.
317 2461 414 2502 'longum'
421 2460 521 2495 Charisius
528 2460 548 2495 et
556 2458 596 2494 Pal.

134 2520 142 2567 l
153 2518 205 2568 135)
