1972 3164
395 191 418 230 P.
431 190 550 231 VERGILI
563 191 691 232 MARONIS

170 303 195 329 20
207 297 288 342 Anna,
298 286 395 335 fatebor
404 288 476 345 enim,
487 287 568 335 miseri
578 290 632 344 post
641 287 695 335 fata
705 288 807 345 Sychaei

207 355 315 412 coniugis
324 358 350 403 ct
359 371 454 412 sparsos
463 355 574 403 fraterna
583 356 655 403 caede
664 359 773 414 penates,

207 423 271 470 solus
281 424 320 472 hic
329 423 422 471 inflexit
432 439 515 471 sensus
525 424 678 480 animumque
687 424 812 473 labantem

206 491 311 547 impulit.
341 492 453 549 Agnosco
462 492 550 539 veteris
559 492 662 548 vestigia
671 492 791 541 flammae.

208 559 256 607 Sed
265 560 324 607 mihi
333 561 371 607 vel
381 560 453 607 tellus
462 562 543 617 optem
553 560 620 616 prius
629 560 679 608 ima
689 561 805 619 dehiscat,

207 628 245 674 vel
253 629 328 675 Pater
332 628 483 684 omnipotens
491 629 574 686 abigat
581 645 620 677 me
627 629 728 677 fulmine
734 630 766 677 ad
774 629 882 687 umbras,

207 697 325 752 pellentes
335 697 433 744 umbras
443 697 524 744 Erebo
532 700 674 754 noctemque
684 698 839 755 profundam,

207 766 273 821 ante,
285 765 374 822 Pudor,
385 780 457 821 quam
466 767 491 813 te
501 765 571 821 violo,
582 767 625 812 aut
635 768 680 813 tua
688 766 743 812 iura
751 767 854 814 resolvo.

207 833 252 879 Ille
262 848 335 890 meos,
346 834 438 888 primus
447 833 488 889 qui
498 849 536 880 me
546 833 590 880 sibi
599 833 688 890 iunxit,
698 849 793 881 amores

207 900 308 948 abstulit
317 921 324 957 ;
338 901 377 948 ille
387 902 476 948 habeat
486 917 566 949 secum
576 903 702 957 servetque
712 901 841 957 sepulcro)

171 991 196 1028 30
208 969 247 1016 sie
257 969 333 1016 effata
343 969 422 1016 sinum
431 969 538 1016 lacrimis
547 969 656 1024 implevit
665 969 765 1016 obortis.

234 1037 309 1084 Anna
317 1037 408 1084 refert:
430 1037 524 1085 ‘Oluce
534 1037 611 1094 magis
621 1037 709 1084 dilecta
717 1036 803 1095 sorori,

207 1107 288 1153 solane
298 1109 415 1162 perpetua
424 1121 532 1153 maerens
545 1120 644 1161 carpere
652 1105 761 1162 iuventa,

206 1191 251 1222 nec
261 1175 342 1222 dulces
352 1176 422 1221 natos
432 1174 533 1221 Veneris
544 1189 588 1221 nec
597 1173 704 1229 praemia
713 1173 797 1220 noris?

207 1243 233 1290 id
242 1243 345 1291 cinerem
355 1244 399 1289 eut
408 1257 491 1289 menes
501 1241 577 1290 credis
587 1256 672 1288 curare
682 1241 806 1296 sepultos?

209 1312 279 1368 Esto,
290 1327 388 1368 aegram
397 1311 459 1357 nulli
468 1310 589 1366 quondam
598 1308 685 1356 flexere
695 1308 786 1365 mariti,

208 1394 257 1426 non
268 1378 364 1436 Libyae,
374 1393 424 1425 non
433 1379 491 1425 ante
501 1378 567 1434 Tyro
576 1396 582 1434 ;
596 1377 723 1432 despectus
733 1375 818 1423 Iarbas

209 1448 366 1502 ductoresque
377 1446 425 1502 alii,
436 1461 495 1502 quos
503 1444 589 1493 Africa
598 1447 666 1492 terra
675 1443 808 1500 triumphis

208 1516 275 1563 dives
285 1515 343 1562 alit:
358 1514 478 1570 placitone
488 1513 562 1561 etiam
572 1512 691 1568 pugnabis
700 1511 796 1559 amori?

208 1600 253 1632 nec
262 1583 329 1631 veuit
338 1584 365 1630 in
374 1585 488 1641 mentem,
498 1587 600 1638 quorum
611 1580 746 1628 consederis
756 1579 838 1627 arvis?

173 1673 198 1710 40
209 1653 275 1701 Hinc
286 1652 404 1699 Gaetulae
413 1651 493 1708 urbes,
503 1665 579 1706 genus
588 1648 750 1704 insuperabile
759 1648 831 1704 hello,

209 1722 235 1767 et
244 1720 365 1767 Numidae
373 1719 464 1767 infreni
474 1719 575 1775 cingunt
584 1719 610 1764 et
618 1715 742 1771 inhospita
752 1715 839 1773 Syrtis,

209 1789 266 1836 hinc
275 1788 371 1836 deserta
380 1788 421 1834 siti
429 1787 495 1845 regio
505 1786 600 1841 lateque
608 1785 718 1832 furentes

209 1856 320 1904 Barcaei.
350 1856 414 1912 Quid
422 1855 486 1902 bella
495 1855 560 1910 Tyro
570 1853 695 1910 surgentia
704 1852 784 1900 dicam

208 1925 364 1982 germanique
373 1925 471 1971 minas?

209 1993 255 2040 Dis
265 1992 373 2048 equidem
383 1991 519 2047 auspicibus
529 2005 585 2037 reor
594 1990 618 2037 et
629 1989 722 2036 Iunone
732 1989 839 2036 secunde

209 2063 274 2110 hunc
284 2077 381 2110 cursum
390 2061 477 2107 Iliacas
487 2060 560 2106 vento
570 2057 675 2104 tenuisse
683 2057 786 2104 carinas.

210 2131 289 2187 Quam
302 2132 332 2177 tu
343 2129 435 2186 urbem,
446 2142 521 2184 soror,
531 2126 594 2174 hene
608 2139 699 2183 cernes,
711 2141 772 2181 quae
786 2139 885 2182 surgere

266 2214 342 2255 regna

209 2267 319 2325 coniugio
329 2265 387 2313 tali!
417 2264 537 2311 Teucrum
547 2262 717 2311 comitantibus
727 2261 801 2308 ermis

210 2335 303 2382 Punice
312 2350 337 2382 se
347 2333 444 2390 quantis
454 2331 551 2379 attollet
560 2331 639 2388 gloria
648 2331 734 2377 rebus!

175 2425 199 2462 50
210 2403 249 2449 Tu
258 2403 327 2449 modo
337 2417 406 2458 posce
416 2402 471 2448 deos
481 2400 583 2456 veniam,
595 2399 714 2454 sacrisque
724 2398 801 2444 litatis

209 2470 306 2526 indulge
316 2470 427 2527 hospitio,
438 2483 569 2524 causasque
579 2468 674 2515 innecte
684 2465 803 2522 morandi,

258 2537 328 2587 (188)
