1972 3164
401 187 512 228 AENEIS.
537 187 557 226 X

139 283 236 331 Aeneas
246 298 304 331 saue
313 283 404 340 ignotis
413 283 519 332 iactetur
525 284 551 331 in
561 284 633 332 undis

139 354 174 408 et,
185 367 360 408 quamcumque
369 351 434 400 viam
443 352 537 400 dederit
546 353 665 410 Fortuna,
677 355 793 410 sequatur
803 377 808 402 :

115 434 129 459 0
140 420 206 468 hunc
216 422 298 477 tegere
308 421 333 467 et
344 420 410 468 dirsoe
419 422 515 468 valeam
525 422 659 470 subducere
669 438 774 480 pugnae.

140 490 187 536 Est
192 489 323 546 Amathus,
330 491 367 536 cst
377 489 441 537 celsa
451 489 510 536 mihi
520 489 620 546 Paphus
629 492 702 546 atque
710 491 818 547 Cythera

140 558 279 613 Idaliaeque
288 558 373 605 domus
383 578 388 606 ε
403 559 487 614 positis
496 559 613 616 inglorius
626 560 701 606 armis

139 626 223 684 exigat
233 626 272 674 hic
282 642 376 675 aevum.
406 627 500 685 Magna
509 629 599 676 ditione
608 629 691 676 iubeto

140 694 264 751 Carthago
274 696 369 751 premat
379 696 526 743 Ausoniam:
541 696 602 743 nihil
611 696 711 744 urbibus
721 696 778 744 iude

139 761 247 809 obstabit
257 763 345 819 Tyriis.
376 763 440 820 Quid
449 766 542 821 pestem
551 765 653 812 evadere
662 765 720 812 belli

139 830 203 877 iuvit
212 833 238 879 et
246 831 372 888 Argolicos
382 833 487 879 medium
497 833 588 891 fugisse
598 849 642 890 per
650 834 726 891 ignes,

140 899 225 954 tomus
236 900 310 946 maris
319 902 451 956 vastaeque
460 901 580 948 exhausta
589 902 697 958 pericula
705 904 796 959 terrae,

141 967 200 1014 dum
215 968 314 1015 Latium
331 969 419 1016 Teucri
437 969 588 1026 recidivaque
608 970 729 1027 Pergama
747 985 818 1026 quae·

197 1038 274 1084 runt?

141 1104 198 1151 Nou
208 1106 284 1153 satius
294 1107 386 1154 cineres
396 1107 490 1162 patriae
499 1106 615 1154 insedisse
626 1121 750 1162 supremos

116 1195 131 1221 0
141 1175 215 1228 atque
243 1173 328 1230 solum,
357 1189 404 1230 quo
433 1174 507 1221 Troia
534 1174 603 1221 tuit?
640 1174 767 1221 Xanthum
794 1176 819 1220 et

199 1242 322 1288 Simoenta

141 1309 223 1366 redde,
234 1324 284 1365 oro,
294 1309 396 1366 miseris,
407 1311 544 1366 iterumque
553 1310 676 1358 revolvere
687 1326 757 1358 casus

140 1380 182 1436 da,
193 1379 271 1434 pater,
283 1378 368 1426 Iliacos
379 1378 498 1425 Teucris’
528 1379 591 1426 Tum
601 1379 669 1436 regia
678 1380 741 1426 Iuno

141 1450 199 1495 acta
208 1447 291 1494 furore
301 1446 372 1503 gravi
381 1466 386 1493 ε
403 1446 409 1468 ‘
420 1447 484 1502 Quid
493 1463 531 1495 me
541 1448 593 1494 alta
602 1447 699 1494 silentia
708 1447 773 1504 cogis

141 1531 255 1572 rumpere
265 1516 290 1562 et
300 1515 432 1562 obductum
442 1516 521 1563 verbis
531 1516 633 1572 vulgare
642 1516 764 1564 dolorem?

141 1585 243 1632 Aenean
253 1585 377 1632 hominum
387 1584 514 1641 quisquam
523 1584 651 1640 divumque
662 1584 757 1641 subegit

141 1655 207 1702 bella
217 1654 291 1711 sequi,
302 1655 346 1700 aut
355 1653 450 1701 hostem
460 1653 512 1711 regi
522 1669 548 1702 se
557 1654 648 1701 inferre
659 1653 765 1700 Latino?

142 1722 242 1770 Italiam
252 1723 324 1778 petiit
334 1722 393 1770 fatis
403 1722 544 1770 auctoribus
554 1743 559 1769 :
575 1724 627 1770 esto
639 1743 644 1770 ε

143 1792 293 1840 Cassandrae
303 1791 421 1847 impulsus
432 1791 517 1838 furiis:
533 1807 593 1838 uum
603 1791 711 1848 linquere
721 1792 802 1838 castra

143 1861 236 1908 hortati
246 1876 329 1907 sumus
339 1861 383 1907 aut
393 1860 469 1907 vitam
480 1860 632 1907 committere
641 1859 729 1915 ventis,

116 1947 135 1974 ὀ
144 1944 203 1976 num
213 1944 287 1985 puero
297 1944 416 1975 summam
425 1928 491 1986 belli,
503 1944 563 1976 num
573 1929 671 1976 credere
681 1943 771 1983 muros,

144 1997 344 2054 Tyrrhenamque
353 1997 424 2045 fidem
435 1999 479 2044 aut
488 1998 574 2054 gentes
584 1997 679 2055 agitare
688 1996 798 2051 quietas?

144 2066 204 2124 Quis
214 2066 273 2114 deus
282 2067 308 2112 in
318 2066 437 2123 fraudem,
448 2081 509 2121 quae
519 2066 582 2112 dura
590 2065 701 2121 potentia
709 2065 795 2109 nostra

143 2135 212 2192 egit?
240 2135 290 2182 Uhi
298 2135 337 2182 hic
348 2135 418 2191 Iuno,
428 2135 562 2181 demissave
571 2132 675 2179 nubibus
685 2131 749 2177 Iris?

144 2204 276 2259 Indignum
286 2204 324 2250 est
335 2203 412 2249 Italos
422 2202 519 2249 Troiam
530 2201 680 2248 circumdare
690 2199 794 2245 flammis

144 2273 295 2330 nascentem,
306 2274 332 2319 et
342 2271 425 2327 patria
435 2271 547 2317 Turnum
557 2269 688 2317 consistere
698 2270 774 2325 terra,

144 2342 184 2390 cui
194 2342 323 2388 Pilumnus
333 2355 402 2396 avus,
413 2339 453 2386 cui
463 2339 519 2385 diva
528 2338 625 2385 Venilia
634 2338 713 2383 mater
722 2348 735 2382 ι’

144 2410 203 2466 quid
213 2409 266 2457 iace
276 2410 394 2456 Troianos
405 2409 462 2453 atra
470 2406 519 2452 vim
529 2406 594 2453 ferre
604 2405 706 2461 Latinis,

145 2495 206 2526 arva
215 2479 295 2526 aliena
304 2477 361 2535 iugo
371 2491 480 2533 premere
490 2477 563 2531 atque
572 2475 682 2522 avertere
692 2473 811 2530 praedas?

194 2547 266 2596 (347)
