1972 3164
432 170 455 209 P.
469 168 590 210 VERGILI
604 169 732 209 MARONIS

240 265 336 313 addixi:
352 267 413 314 satis
424 269 461 314 est
471 268 570 323 gentem
580 267 693 324 effugisse
705 263 845 313 nefandam.

242 334 293 383 Vos
313 333 419 382 animam
442 334 506 382 hanc
529 335 609 391 potius
632 350 782 391 quocumque
806 334 928 385 absumite

300 402 377 450 leto.”

272 470 337 519 ‘Vix
347 487 376 520 ea
384 471 451 518 fatus
461 473 523 530 erat,
534 487 628 520 summo
637 487 693 520 cum
703 473 786 519 monte
795 472 906 521 videmus

242 539 324 596 ipsum
332 539 397 586 inter
406 539 507 595 pecudes
517 541 588 587 vasta
597 555 623 587 se
632 540 694 587 mole
703 542 842 588 moventem

244 608 366 664 pastorem
376 608 553 664 Polyphemum
564 610 589 656 et
599 609 674 655 litora
683 609 743 655 nota
752 610 884 666 petentem,

244 677 381 723 monstrum
396 676 543 724 horrendum
558 675 662 723 inform‘e
677 676 772 734 ingens,
789 676 829 724 oui
844 677 926 725 lumen

300 744 450 800 ademptum.

245 812 343 859 Trunca
352 827 428 859 manu
436 811 509 868 pinus
520 812 584 869 regit
594 814 620 860 et
629 813 732 870 vestigia
741 813 824 862 firmat
834 833 841 870 ς

196 886 234 925 660
244 880 368 940 lanigerae
378 881 527 928 comitantur
537 896 606 939 oves3
620 897 649 929 ea
658 882 709 929 sola
718 882 831 938 voluptas

245 950 398 1006 solamenque
407 949 473 997 mali.

245 1017 378 1073 Postquam
387 1017 450 1065 altos
459 1018 543 1076 tetigit
553 1018 642 1066 fluctus
652 1018 718 1066 etad
728 1032 834 1073 aequora
842 1018 919 1078 venit,

244 1085 343 1132 luminis
353 1085 434 1133 effossi
442 1086 544 1133 fluidum
554 1086 615 1133 lavit
625 1087 680 1134 inde
690 1101 801 1134 cruorem

245 1153 358 1201 dentibus
365 1154 505 1202 infrendens
511 1155 612 1212 gemitu,
619 1155 777 1212 graditurque
784 1169 828 1209 per
834 1165 926 1208 aequor

244 1222 294 1269 iam
303 1222 417 1279 medium,
427 1222 531 1269 necdum
541 1222 630 1270 finctus
639 1222 719 1269 latera
728 1222 807 1269 ardua¹
815 1221 899 1268 tinxit.

245 1291 297 1338 Nos
307 1289 391 1347 procul
398 1290 454 1337 inde
464 1290 549 1347 fugam
558 1290 648 1347 trepidi
657 1291 762 1338 celerare
771 1292 870 1346 recepto

246 1360 354 1416 supplice
364 1359 399 1407 sic
408 1359 502 1416 merito,
513 1359 629 1414 tacitique
638 1359 744 1406 incidere
752 1359 846 1416 funem,

246 1427 363 1474 vertimus
373 1429 397 1476 et
406 1427 478 1484 proni
487 1427 637 1475 certantibus
647 1443 752 1484 aequora
760 1427 842 1475 remis.

248 1495 328 1543 Sensit
337 1497 363 1542 et
373 1495 404 1542 ad
414 1495 519 1543 sonitum
529 1495 593 1542 vocis
603 1495 707 1552 vestigia
716 1495 795 1542 torsit.

198 1569 235 1617 ⁶70
247 1565 339 1612 Verum
349 1564 390 1610 ubi
399 1564 468 1611 nulla
474 1565 549 1611 datur
558 1564 645 1611 dextra
654 1564 769 1611 affectare
779 1563 896 1619 potestas,

246 1647 291 1679 neo
300 1633 364 1687 potis
374 1632 453 1679 Ionios
463 1631 552 1679 fluctus
561 1646 664 1687 aequore
674 1631 801 1688 sequendo,

246 1699 374 1747 clamorem
383 1700 528 1746 immensum
538 1699 611 1756 tollit,
622 1715 669 1756 quo
678 1702 766 1755 pontus
776 1702 801 1747 et
811 1713 893 1746 omnes

245 1766 392 1814 intremuere
402 1768 488 1824 undae,
500 1768 644 1823 penitusque
653 1767 770 1815 exterrita
779 1767 853 1814 tellus

246 1834 342 1892 Italiae,
353 1835 479 1891 curvisque
489 1835 612 1894 immugiit
620 1835 702 1883 Aetna
712 1835 828 1883 cavernis.

247 1902 283 1950 At
292 1919 369 1960 genus
379 1903 466 1950 esilvis
477 1904 610 1960 Cyclopum
619 1906 645 1951 et
655 1903 775 1950 montibus
785 1902 842 1949 altis

246 1971 352 2020 excitum
361 1971 412 2018 ruit
421 1972 453 2019 ad
462 1974 549 2028 portus
559 1974 584 2020 ot
593 1972 667 2019 litora
676 1971 805 2027 complent.

248 2040 374 2088 Cernimus
385 2042 493 2088 astantes
503 2040 647 2097 nequiquam
656 2040 746 2088 lumine
755 2041 826 2086 torvo

248 2110 369 2157 Aetnaeos
380 2109 478 2167 tratres,
490 2109 556 2157 caelo
565 2109 647 2165 capita
655 2110 707 2157 alta
716 2109 831 2164 ferentes,

248 2178 375 2225 concilium
384 2178 531 2225 horrendum
541 2198 546 2224 :
560 2177 643 2232 quales
653 2193 708 2224 cum
717 2176 808 2224 vertice
818 2175 881 2222 celso

200 2255 236 2294 680
248 2246 327 2294 adriae
337 2260 438 2302 quercus
448 2246 491 2291 aut
501 2245 621 2292 coniferae
632 2244 746 2300 cyparissi

248 2314 417 2370 constiterunt,
428 2312 489 2359 silva
498 2312 550 2360 alta
560 2312 624 2359 Iovis
633 2312 732 2359 lucusve
738 2311 840 2359 Dianae.

249 2381 395 2438 Praecipites
406 2383 485 2429 metus
495 2396 551 2428 acer
560 2380 612 2438 agit
621 2394 770 2437 quocumque
779 2380 895 2428 rudentes

476 2467 512 2500 668.
532 2473 550 2499 a.
558 2463 571 2498 l.
580 2462 695 2499 ‘verrimus'

293 2513 367 2607 l184)
