1972 3164
15 13 982 137 ...Ξ

426 322 448 360 Ρ.
461 320 581 361 VERGILI
593 320 722 362 mamma

235 414 288 464 Nec
295 412 375 462 minus
384 413 478 464 interea
487 415 542 463 fetu
550 431 635 464 nemus
645 432 715 465 omne
724 418 855 478 gravescit,

186 507 224 544 ⁴30
236 485 422 544 sanguineisque
431 485 525 532 inculta
534 485 623 532 rubent
632 485 725 533 aviaria
733 487 807 536 bacis.

237 555 380 603 Tondentur
389 555 468 613 cytisi,
478 555 563 603 taedas
573 555 634 602 silva
644 555 696 602 alta
705 555 840 615 ministrat,

236 627 417 682 pascunturque
426 624 494 681 ignes
503 625 618 672 nocturni
627 627 652 671 et
660 624 753 672 lumina
766 625 885 675 fundunt.

237 694 271 741 Et
275 694 389 741 dubitant
395 693 503 741 homines
507 708 585 740 serere
594 695 667 749 atque
672 693 811 749 impendere
815 699 916 744 curam?

237 762 301 820 Quid
310 763 403 809 maiora
413 764 514 818 sequar?
542 762 632 810 Salices
642 762 790 818 humilesque
799 765 913 820 genistae

237 833 281 878 aut
290 831 346 878 illae
356 831 436 886 pecori
445 831 555 878 frondem
565 832 609 877 aut
619 831 757 887 pastoribus
766 831 881 880 umbram

237 900 359 946 sufficiunt
369 914 509 955 saepemque
519 899 578 946 satis
588 901 613 946 et
626 899 717 955 pabula
726 900 799 948 melli.

238 969 271 1015 Et
281 969 349 1015 iuvat
357 969 489 1015 undantem
498 967 562 1014 buxo
572 970 682 1024 spectare
692 968 808 1024 Cytorum

237 1037 404 1093 Naryciaeque
413 1036 472 1092 picis
482 1037 556 1093 lucos,
567 1037 635 1084 iuvat
645 1053 706 1084 arra
715 1037 797 1085 ridere

238 1121 288 1152 non
297 1105 391 1162 rastris,
402 1105 526 1152 hominum
535 1121 584 1152 non
593 1105 639 1152 ulli
648 1105 750 1153 obnoxia
760 1121 841 1155 curae.

190 1189 226 1225 440
239 1175 310 1231 Ipsae
320 1174 441 1220 Caucaseo
451 1173 545 1221 steriles
554 1173 580 1219 in
589 1174 680 1222 vertice
690 1175 772 1232 silvae,

238 1258 297 1298 quas
308 1241 408 1288 animosi
418 1241 480 1288 Euri
490 1242 584 1289 assidue
593 1242 759 1301 franguntque
774 1243 915 1302 feruntque,

238 1311 298 1358 dant
308 1311 367 1358 ahos
378 1310 439 1357 aliae
448 1310 522 1368 fetus,
533 1311 593 1358 dant
603 1311 663 1358 utile
672 1311 766 1368 lignum

238 1380 340 1438 nangiis
350 1379 426 1437 pinos,
437 1379 546 1426 domibus
556 1380 700 1435 cedrumque
710 1395 892 1436 cupressosque.

239 1451 304 1497 Hinc
314 1449 394 1496 radios
403 1448 496 1496 trivere·
502 1448 571 1505 rotis,
580 1448 637 1496 hinc
646 1451 764 1504 tympana
773 1449 893 1505 plaustris

239 1520 365 1577 agricolae,
376 1520 401 1566 et
411 1517 503 1575 pandas
512 1517 606 1564 ratibus
616 1532 716 1572 posuere
727 1517 830 1566 carinas.

238 1588 375 1636 Viminibus
385 1587 476 1642 salices,
487 1585 604 1633 fecundae
614 1585 740 1633 frondibus
750 1586 819 1644 ulmi,

239 1658 266 1702 at
275 1658 369 1712 myrtus
379 1656 465 1703 validis
474 1654 602 1702 hastilibus
612 1656 637 1701 et
646 1654 710 1701 bona
719 1655 782 1702 bello

239 1739 334 1780 cornus,
345 1725 456 1771 Ituraeos
465 1723 518 1770 taxi
527 1724 673 1778 torquentur
682 1723 708 1769 in
717 1739 796 1771 arcus.

238 1793 291 1840 Nec
300 1792 367 1839 tiliae
377 1791 441 1839 leves
451 1792 494 1838 aut
504 1793 575 1838 torno
584 1791 655 1838 rasile
665 1791 756 1838 buxum

190 1873 227 1910 ⁴50
239 1875 288 1907 non
298 1859 402 1906 formam
411 1859 533 1915 accipiunt
543 1859 653 1915 ferroque
663 1861 783 1907 cavantur
792 1861 874 1908 acuto.

240 1929 292 1976 Neo
301 1942 350 1974 non
356 1928 380 1974 et
390 1929 523 1974 torrentem
532 1928 623 1974 undam
633 1927 692 1974 levis
701 1927 799 1974 innatat
808 1929 880 1975 alnus

238 1997 312 2044 missa
322 1995 401 2053 Pad03
416 2011 461 2043 nec
470 2011 518 2042 non
528 1998 552 2043 et
562 2011 619 2051 apes
629 1996 740 2043 examina
750 1997 858 2044 condunt

241 2065 416 2120 corticibusque
426 2064 490 2112 cavis
500 2065 646 2120 vitiosaeque
656 2065 717 2112 ilicis
727 2065 790 2113 alvo.

240 2133 303 2191 Quid
312 2133 494 2180 memorandum
504 2148 578 2188 aeque
585 2133 707 2180 Baccheia
714 2133 778 2180 dona
786 2133 915 2180 tulerunt?

238 2203 350 2250 Bacchus
360 2203 385 2250 et
395 2203 427 2249 ad
435 2203 531 2258 culpam
542 2217 626 2249 causas
636 2202 703 2249 dedit
712 2220 719 2258 ς
733 2201 774 2248 ille
784 2201 896 2248 furentes

239 2271 373 2320 Centauros
383 2270 431 2318 leto
440 2270 542 2327 domuit,
553 2270 722 2326 Rhoetumque
732 2268 883 2325 Pholumque

240 2343 265 2388 et
275 2355 363 2397 magno
372 2339 495 2395 Hylaeum
503 2338 613 2394 Lapithis
624 2340 718 2385 cratere
728 2337 870 2384 minantem.

267 2409 288 2456 0
298 2409 436 2456 fortunatos
446 2407 555 2463 nimium,
566 2421 611 2453 sua
620 2406 641 2469 si
650 2405 714 2452 bona
723 2405 813 2462 norint,

239 2477 356 2534 agricolas
366 2480 370 2523 Ι
400 2475 485 2532 quibus
496 2475 550 2530 ipsa
559 2473 644 2530 procul
654 2474 804 2521 discordibus
814 2473 889 2520 armis

190 2557 229 2604 460
239 2545 321 2592 fundit
330 2546 404 2592 humo
413 2544 509 2591 facilem
519 2543 610 2589 victum
620 2542 753 2589 iustissima
762 2542 843 2592 tellus.

240 2615 324 2660 Sinon
333 2613 457 2670 ingentem
467 2611 559 2659 foribus
569 2612 654 2658 domus
664 2611 716 2658 alta
726 2611 835 2666 superbis

287 2680 345 2732 (νο)
