1972 3164
347 167 370 207 P.
382 167 503 207 VERGILI
515 167 646 209 annonis

158 264 270 314 dentibus
279 264 429 324 infrendens,
438 269 464 314 et
473 268 543 324 tergo
553 266 647 314 decutit
657 266 744 316 hastas
754 290 760 316 ε

158 333 225 382 haud
234 335 314 394 aliter,
323 334 403 383 iustae
412 335 498 391 quibus
508 336 546 382 est
556 335 696 382 Mezentius
706 336 766 393 ires,

158 418 208 450 non
217 403 262 450 ulli
270 405 308 452 est
318 404 413 451 animus
422 403 508 451 stricto
517 418 661 452 concurrere
671 404 753 461 ferr03

159 471 289 520 missilibus
298 472 368 529 longe
378 473 404 520 et
413 473 483 519 vasto
492 471 596 518 elamore
605 472 739 520 lacessunt.

159 540 268 589 Venerat
277 540 383 597 antiquis
393 539 495 596 Corythi
504 541 534 587 de
543 539 632 587 finibus
642 540 736 597 Acron,

111 624 149 664 πο
160 608 435 665 Gruiuahcmc,iniectee
440 607 551 664 linquens
557 608 677 664 profugus
684 609 837 665 hymenaeos.

160 676 234 724 Hune
243 676 285 723 nbi
294 676 436 724 miscentem
446 676 518 734 longe
528 677 607 724 media
617 677 718 734 agmine
727 679 797 736 vidit,

158 759 307 802 purpureum
316 744 403 801 pennis
412 746 438 792 et
447 748 534 800 pactae
544 745 653 802 coniugis
663 747 741 804 estre,

157 811 276 868 impastus
285 812 383 859 stabula
392 811 445 859 alte
453 812 491 860 leo
502 828 546 860 eeu
556 828 627 869 saepe
638 829 782 872 peragrans,

158 880 244 928 suadet
253 880 318 928 enim
327 895 418 927 vesana
426 880 513 938 fames,
524 881 545 929 si
554 881 619 928 forte
629 881 744 938 fugacem

159 949 283 1006 conspexit
296 964 409 1006 capream
423 950 468 996 aut
482 951 623 1007 ementem
637 950 664 996 in
679 965 773 998 cornua
789 966 838 999 cer-

215 1033 282 1075 Wmi

159 1086 259 1145 gaudet,
268 1085 338 1134 hians
345 1086 460 1144 immane,
471 1102 599 1144 comasque
608 1087 703 1134 arrexit
712 1089 738 1134 et
747 1087 831 1135 haeret

159 1155 290 1203 visceribus
300 1155 529 1213 superincumbens,
540 1156 601 1202 lavit
611 1155 723 1211 improba
731 1158 812 1203 taeter

159 1239 291 1281 ememor,

160 1291 195 1340 eie
204 1291 255 1338 ruit
264 1292 291 1338 in
300 1291 386 1340 densos
396 1291 476 1340 alacer
485 1291 622 1339 Mezentius
631 1291 723 1339 hostes.

112 1368 151 1407 ⁷³⁰
161 1358 286 1407 Sternitur
294 1358 380 1406 infelix
388 1358 479 1416 Acron,
490 1361 515 1406 et
525 1359 631 1406 calcibus
641 1361 723 1406 utrem

159 1428 243 1474 tundit
250 1427 352 1474 humum
358 1427 491 1483 exspirans,
497 1426 651 1482 infractaque
657 1427 708 1473 tela
715 1428 836 1475 cruentat.

159 1494 240 1551 Atque
249 1495 313 1542 idem
322 1495 458 1552 fugientem
467 1494 534 1542 haud
543 1496 581 1542 est
590 1495 707 1550 dignatus
718 1494 814 1542 Oroden

159 1566 268 1611 sternere
278 1579 322 1610 nec
331 1562 397 1610 iacta
406 1577 504 1610 caecum
514 1562 572 1609 dare
582 1562 680 1617 cuspide
690 1563 779 1610 vulnus
790 1584 796 1610 ι

158 1631 243 1679 obvius
253 1632 400 1687 adversoque
410 1631 516 1678 ocemrit
526 1645 597 1686 aeque
605 1631 658 1677 viro
667 1630 706 1678 vir

159 1699 271 1755 contulit,
281 1699 348 1746 haud
357 1697 426 1745 furto
434 1697 527 1755 melior,
537 1699 580 1745 sed
590 1698 695 1745 fortibus
705 1700 788 1746 armis.

159 1768 224 1815 Tum
233 1782 305 1823 super
315 1767 436 1814 abiectum
446 1766 525 1823 posito
534 1766 594 1822 pede
603 1766 675 1812 nixus
686 1767 712 1813 et
722 1767 809 1813 hasta:

159 1837 166 1858 ‘
177 1837 239 1883 Pars
266 1834 323 1882 belli
349 1835 416 1883 haud
441 1835 581 1890 temnenda,
605 1833 659 1891 viri,
684 1834 747 1882 iacet
772 1835 837 1881 altus

159 1904 319 2017 Condidddiddt
329 1968 386 2016 socii
394 1967 487 2015 laetum
497 1983 591 2023 paeana
601 1967 685 2014 secuti.

159 2038 205 2085 Ille
224 2039 307 2085 antem
331 2037 456 2093 exspirans
478 2036 549 2084 ‘Non
572 2051 619 2093 me,
639 2035 783 2091 quicumque
802 2050 836 2092 es,

111 2194 149 2232 ⁷40
159 2107 302 2232 victcnrljldtde’
309 2173 409 2232 longum
419 2172 540 2219 laetabere
551 2193 556 2219 ε
571 2174 596 2218 te
606 2186 700 2227 quoque
711 2171 765 2218 lata

158 2243 316 2300 prospectant
325 2241 394 2298 paria
405 2243 478 2296 atque
488 2242 571 2288 eadem
581 2256 637 2287 mox
647 2256 708 2288 arva
717 2240 827 2288 tenebis.'

159 2311 200 2358 Ad
209 2327 270 2367 quae
280 2310 406 2358 subridens
416 2310 494 2356 mixtu
503 2310 639 2356 Mezentius
649 2309 695 2366 ira,

160 2378 248 2427 ‘Nunc
267 2395 367 2427 morere.
396 2378 444 2426 Ast
463 2378 492 2426 de
512 2393 550 2425 me
570 2377 652 2424 divum
672 2379 743 2433 peter
764 2379 837 2432 atque

215 2446 340 2494 hominum
350 2463 394 2494 rex

207 2515 216 2563 (
225 2517 259 2563 368
268 2514 277 2562 )
