1972 3164
460 199 556 239 CULEX

172 296 295 344 Hectoreo
305 298 384 343 victor
393 297 508 343 instravit
519 313 617 353 corpore
627 298 733 345 Troiam.

173 379 257 410 rursus
270 364 356 411 acerba
371 365 488 421 fremunt,
503 365 571 412 Paris
584 366 649 412 hune
664 366 727 420 quod
741 365 810 423 lebat,
823 369 848 413 ot

229 432 301 478 huius

175 503 254 547 iarma
263 501 323 547 dolis
333 501 413 548 Ithaci
423 501 501 548 virtus
511 502 573 557 quod
583 501 686 548 concidit
696 501 752 549 icta.

173 568 230 615 huic
240 568 303 624 gerit
312 584 408 616 aversos
418 570 497 624 proles
507 571 605 616 Laertia
615 570 707 626 vultus,

173 640 199 684 ot
208 637 256 683 iam
267 637 399 692 Strymonii
408 637 483 684 Rhesi
492 638 616 693 victorque
625 638 735 694 Dolonis,

174 704 284 752 Palladio
293 704 401 752 laetatur
411 720 493 762 ovans,
504 721 634 761 rursusque
644 706 768 754 tremescit

126 786 163 822 330
174 771 222 818 iem
228 772 328 820 Ciconas
334 773 428 828 iamque
433 773 516 820 horret
521 776 592 821 atrox
597 775 761 831 Laestrygone
770 781 847 823 limen.

173 841 242 887 illum
253 840 336 896 Scylla
344 857 421 896 rapax
430 841 530 888 canibus
540 843 663 890 succincta
673 843 784 890 Molossis

173 909 343 963 Aetnaeusque
352 910 462 968 Cyclops,
473 911 541 957 illum
553 911 671 958 Zanclaea
682 910 814 966 Charybdis

173 977 336 1033 pallentesque
345 977 412 1024 lacus
422 980 447 1025 et
456 980 566 1034 squalida
575 980 681 1026 Tartara
689 980 792 1025 terrent.

173 1044 213 1091 hic
223 1046 248 1091 et
258 1045 390 1092 Tantaleae
399 1061 544 1102 generamen
554 1047 628 1102 prolis
636 1046 735 1092 Atrides

173 1111 275 1169 adsidet,
285 1113 404 1169 Argivum
414 1114 505 1170 lumen,
516 1131 562 1170 quo
572 1115 670 1160 flamma
679 1115 778 1170 regente

174 1180 247 1227 Doris
257 1181 428 1228 Erichthonius
438 1183 571 1238 prostravit
581 1181 692 1227 funditus
702 1196 778 1227 arces.

173 1248 286 1304 reddidit,
297 1248 353 1305 heu,
364 1249 453 1296 Graius
463 1264 552 1304 poenas
562 1249 616 1304 tibi,
626 1249 707 1305 Troia,
717 1249 806 1306 ruenti,

174 1315 378 1370 Hellespontiacis
387 1316 497 1362 obiturus
507 1317 612 1362 reddidit
622 1315 701 1362 undis.

173 1383 217 1430 illa
226 1384 289 1430 vices
299 1383 422 1430 hominum
432 1386 525 1430 testata
532 1386 569 1431 est
579 1384 648 1439 copia
657 1384 785 1440 quondam,

127 1471 164 1508 340
175 1467 205 1499 ne
215 1451 340 1507 quisquam
350 1451 461 1507 propriae
471 1453 584 1499 fortunae
593 1467 692 1498 munere
702 1452 768 1498 dives

174 1520 222 1567 iret
231 1519 354 1566 inevectus
364 1520 456 1567 caelum
466 1536 538 1575 super
548 1541 553 1567 ε
570 1535 640 1567 omne
650 1520 784 1575 propinquo

174 1588 299 1644 frangitur
308 1587 412 1634 invidiae
421 1588 471 1635 telo
480 1589 560 1636 decus.
589 1589 641 1635 ibat
650 1589 677 1634 in
687 1587 764 1634 altum

175 1656 211 1703 vis
221 1657 304 1713 Argea
313 1657 397 1711 petens
407 1656 511 1711 patriam
522 1656 646 1711 ditataque
656 1656 746 1711 praeda

175 1726 237 1772 arcis
248 1723 436 1780 Erichthoniae3
450 1739 528 1771 comes
538 1725 594 1772 huic
604 1725 657 1771 erat
667 1739 728 1771 aura
738 1723 843 1770 secunda

175 1808 218 1848 per
228 1792 349 1848 placidum
360 1807 432 1839 cursu
442 1793 556 1850 pelagus3
573 1793 659 1840 Nereis
669 1793 699 1839 ab
709 1793 775 1840 unda

175 1862 246 1919 signa
255 1861 337 1918 dabat,
348 1861 451 1917 sparsim
460 1862 528 1909 flexis
538 1877 611 1918 super
619 1861 670 1909 icta
679 1861 767 1908 carinis
776 1883 781 1908 :

176 1945 230 1976 cum
240 1944 282 1976 seu
292 1929 390 1977 caelesti
399 1930 452 1977 foto
462 1945 505 1977 seu
515 1931 599 1978 sideris
609 1931 665 1977 ortu

176 1997 281 2052 undique
290 2000 401 2045 mutatur
410 1998 470 2045 caeli
479 1999 552 2055 nitor,
563 1998 645 2045 omnia
653 1997 741 2051 ventis,

176 2065 257 2111 omnia
266 2065 403 2112 turbinibus
413 2068 471 2111 sunt
481 2067 560 2112 anxia.
590 2066 639 2111 iam
648 2063 721 2108 maris
731 2063 798 2108 unda

127 2149 165 2186 350
177 2132 294 2180 sideribus
304 2134 381 2179 certet
391 2147 542 2189 consurgere,
553 2133 647 2187 iamque
657 2145 759 2185 superno

177 2200 297 2255 corripere
307 2202 332 2246 et
342 2200 399 2246 solis
408 2202 433 2246 et
443 2199 522 2246 sidera
532 2203 620 2246 cuncta
629 2199 737 2245 minatur

176 2284 205 2315 ac
215 2283 285 2315 ruere
294 2268 320 2313 in
329 2271 409 2314 terras
419 2267 479 2313 caeli
488 2267 578 2323 fragor.
609 2267 648 2314 hic
658 2266 727 2311 modo
736 2264 830 2312 laetans

176 2335 247 2390 copia
256 2350 320 2382 nunc
330 2335 423 2381 miseris
433 2335 597 2381 circumdatur
607 2334 679 2381 anxia
688 2332 754 2388 fatis,

176 2402 351 2458 inmoriturque
361 2402 532 2458 superductus
541 2404 566 2449 ct
576 2418 634 2449 saxa
644 2401 769 2458 Capherei,

177 2470 296 2517 Euboicas
306 2473 350 2517 aut
359 2486 403 2526 per
412 2471 495 2518 cautes
504 2470 647 2527 Aegaeaque
656 2469 705 2518 late

225 2537 233 2586 (
243 2538 295 2588 4⁵5)
