1972 3164
368 177 390 218 P.
404 178 524 219 vasam
536 178 666 220 MARONIS

178 274 246 332 argo
254 289 338 322 omnes
347 289 436 332 magno
445 276 536 324 circum
547 276 652 324 clamore
661 276 808 338 fremebanl,

177 343 306 401 praecipue
316 343 371 400 pius
379 344 483 392 Aeneas.
513 345 577 391 'l'um
587 344 653 391 iussa
663 344 776 404 Sibyllae,

177 410 245 459 haud
253 426 329 469 mora,
339 411 458 460 festinant
468 412 553 459 denies
563 427 677 468 aramque
686 414 791 470 sepulcri

179 494 306 537 congerere
316 479 441 527 arboribus
451 480 562 536 caeloque
572 481 673 529 educere
683 484 789 531 centeni.

179 549 237 596 Iiur
245 549 273 595 in
282 548 407 605 antiquam
417 549 511 606 silvam,
523 549 620 596 alabnla
629 549 682 596 alla
690 550 809 610 ferarum,

132 625 171 665 180
179 615 341 674 procumbunl
351 617 440 675 piceae,
451 619 521 664 sonat
529 617 581 665 icta
588 618 711 665 securibus
720 618 777 678 ilex,

179 687 349 743 fraxineaeque
359 688 440 735 trabes
450 688 532 735 cuneis
542 689 567 735 el
577 687 650 736 fissile
659 688 735 736 robur

179 755 305 812 scinditur,
316 756 448 803 advolvunt
457 756 569 813 ingentes
576 756 699 803 moniibus
708 771 789 805 ornos.

179 824 232 871 Nec
241 839 291 870 non
300 824 396 872 Aeneas
406 840 480 880 opera
488 825 554 889 inter
562 824 624 872 talia
633 823 726 880 primus

179 891 294 939 hortatur
303 892 378 940 socios
388 893 534 949 paribusque
542 893 678 949 accingitur
687 892 771 941 armis

179 960 260 1016 Atque
269 961 329 1009 haec
338 961 389 1016 ipse
400 977 444 1008 suo
453 961 521 1008 susti
530 976 585 1008 cum
595 962 666 1008 corde
676 961 781 1019 volutat,

180 1030 307 1084 aspectans
317 1029 402 1076 silvam
412 1029 562 1087 immensam,
573 1030 598 1076 el
607 1029 641 1076 sic
651 1028 716 1076 forle
726 1029 856 1085 proesius:

181 1095 188 1118 ‘
197 1096 223 1144 si
232 1112 297 1144 nunc
306 1112 332 1144 sc
341 1097 409 1144 nobis
418 1097 459 1144 ille
469 1113 557 1145 aurens
566 1097 651 1144 arbore
661 1112 745 1144 ramus

181 1165 294 1213 ostendai
303 1180 399 1213 nemore
407 1165 433 1211 in
442 1167 513 1213 lanio
523 1169 528 1214 i
542 1167 638 1222 quando
647 1166 729 1213 omnia
737 1180 795 1213 vere

181 1232 229 1280 hau
240 1233 341 1281 nimium
351 1234 381 1281 de
390 1235 416 1281 le
425 1236 502 1291 vales,
513 1234 615 1291 Miseno,
626 1234 709 1281 locuta
717 1234 771 1282 esi!

134 1321 171 1360 ιφ
181 1302 230 1349 Vix
238 1303 343 1350 ecfatus
353 1304 415 1359 ersi,
425 1302 534 1359 gemnae
545 1318 599 1350 cum
609 1302 673 1349 forie
683 1301 808 1350 columbae

150 1422 154 1429 ¹
181 1370 235 1427 ipsa
244 1371 289 1418 sub
298 1387 342 1418 ora
350 1371 397 1418 viri
406 1371 472 1418 caelo
480 1386 568 1418 venere
578 1370 696 1428 volantes,

179 1440 207 1486 si
215 1439 287 1486 viridi
296 1439 378 1487 sedere
388 1439 446 1486 solo.
477 1439 540 1486 Tum
549 1438 670 1486 maximus
679 1438 750 1486 heros

181 1509 305 1555 maternas
314 1507 424 1564 agnoscii
433 1522 490 1554 aves
500 1507 626 1563 laetusque
635 1509 750 1563 precatur
760 1526 766 1553 :

184 1574 257 1622 ‘Esle
266 1576 341 1623 duces
352 1590 376 1632 o,
387 1575 407 1623 si
416 1591 465 1631 qua
474 1575 513 1622 via
522 1576 568 1632 esi,
579 1590 723 1630 cursumque
732 1589 776 1631 per
785 1589 860 1622 auras

183 1643 280 1701 dirigite
290 1645 315 1690 in
324 1644 400 1702 lucos,
410 1644 452 1690 ubi
461 1644 576 1700 pinguem
585 1643 652 1691 dives
661 1644 749 1698 opacat

183 1727 267 1758 ramus
276 1712 386 1759 humum.
416 1713 501 1769 'l'nque
512 1728 527 1760 o
537 1712 615 1760 dubiis
624 1727 656 1759 ne
666 1711 740 1759 defice
749 1711 831 1767 rebus,

183 1779 239 1826 diva
247 1780 352 1836 parens!
383 1780 423 1827 Sic
432 1781 522 1827 effatus
531 1780 634 1837 vestigia
643 1779 732 1836 pressii

183 1847 320 1904 observans,
331 1863 392 1902 quae
402 1848 472 1905 signa
480 1849 571 1905 ferant,
580 1863 627 1904 quo
635 1848 735 1895 tendere
744 1847 859 1903 pergant.

184 1916 314 1964 Pascentes
323 1915 380 1963 illae
390 1917 489 1963 lanium
498 1917 595 1972 prodire
604 1916 715 1972 volando,

135 2007 173 2034 ooo
183 1986 302 2042 quantum
311 1985 361 2030 acie
371 1986 469 2040 possent
477 1985 540 2032 oculi
550 2000 646 2032 servare
656 1985 808 2039 sequentum.

184 2054 245 2102 Inde
254 2053 296 2100 ubi
305 2068 393 2100 venere
402 2053 434 2100 ad
443 2053 527 2100 fauces
536 2053 698 2109 graveolentis
707 2051 808 2107 Averni,

183 2122 274 2170 tollunt
285 2137 310 2168 se
321 2121 407 2168 celeres
416 2121 580 2176 liquidumque
590 2136 635 2177 per
644 2124 701 2167 adra
710 2120 794 2175 lapsae

184 2191 279 2238 sedibus
290 2189 379 2246 oplsiis
389 2189 485 2246 gemina
494 2205 567 2245 super
577 2189 662 2236 arbore
672 2189 765 2244 sidunt,

185 2259 287 2307 discolor
296 2258 359 2305 unde
369 2258 423 2304 auri
432 2273 476 2314 per
485 2273 565 2304 ramos
575 2273 637 2305 aura
645 2257 750 2305 refulsit.

185 2327 262 2384 Quale
272 2327 333 2374 solel
343 2326 408 2373 silvis
417 2325 522 2372 brumali
531 2326 620 2382 frigore
630 2325 723 2372 viscum

185 2395 271 2443 fronde
280 2395 358 2443 virere
367 2410 437 2452 nova,
448 2395 511 2450 qnod
520 2409 568 2441 non
579 2409 623 2441 sua
632 2393 735 2441 seminat
745 2391 825 2450 arbua,

415 2480 450 2516 177.
470 2478 629 2521 a1.‘sepulcro.’

233 2532 304 2580 (244)
