1972 3164
365 169 388 207 P.
401 167 521 208 VERGILI
534 166 664 208 Mraoms

175 266 243 313 facta
252 264 299 312 viri
308 263 399 312 mixtus
410 265 477 312 dolor
486 265 511 312 et
520 264 600 321 pudor
609 266 692 311 armat
701 264 728 311 in
738 262 828 314 hostes.

176 336 240 382 Tum
250 333 331 381 Pallas
340 332 428 390 biiugis
437 332 571 390 fugientem
580 332 694 380 Rhoetea
703 335 804 389 praeter

128 418 166 455 400
176 403 277 450 traiicit.
306 402 361 450 Hoc
371 400 477 458 spatium
485 401 632 456 tantumque
641 416 726 448 morae
735 401 786 449 fuit
796 401 845 460 Ilo;

177 471 215 518 Ilo
224 486 327 527 namque
337 469 421 526 procul
430 469 535 516 validam
545 467 669 516 direxerat
679 469 788 528 hastam,

177 555 249 596 quam
259 539 351 586 medius
361 538 484 585 Rhoeteus
494 537 627 595 intercipit,
634 539 727 594 optime
737 538 854 596 Teuthra,

176 608 201 654 te
210 607 306 664 fugiens
316 606 466 662 fratremque
476 606 565 667 Tyren,
576 621 699 663 curruque
708 607 808 656 volutus

176 675 255 723 caedit
265 674 412 721 semianimis
423 673 574 720 Rutulorum
584 673 692 722 calcibus
703 690 772 724 arva.

176 743 213 790 Ac
222 742 289 789 velut
298 743 384 798 optato
392 742 472 789 ventis
483 744 576 790 aestate
587 744 677 791 coortis

176 811 282 866 dispersa
291 810 403 857 immittit
413 811 479 857 silvis
489 810 600 858 incendia
611 813 711 870 parton

176 878 292 934 correptis
302 879 382 926 subito
392 879 476 926 mediis
487 879 627 926 extenditur
635 896 688 927 una

176 947 275 995 horrida
284 947 397 1003 perlatos
408 947 471 995 acies
481 947 602 996 Vulcania
611 963 710 1004 campos
720 968 726 1005 ;

177 1017 218 1064 ille
228 1015 311 1063 sedens
320 1015 398 1063 victor
406 1016 517 1064 flammas
526 1017 651 1073 despectat
660 1019 777 1066 ovantes:

130 1104 168 1141 410
179 1100 228 1132 non
237 1084 308 1131 aliter
317 1083 408 1131 socium
417 1084 496 1131 virtus
506 1085 555 1132 coit
564 1085 641 1132 omnis
650 1085 678 1131 in
688 1101 766 1132 unum

178 1154 249 1210 tmue
259 1153 335 1209 iuvat,
346 1152 424 1200 Palla.
454 1153 502 1200 Sed
511 1153 580 1200 bellis
590 1169 647 1200 acer
656 1154 781 1201 Halaesus

178 1221 258 1270 tendit
266 1221 292 1268 in
302 1221 414 1268 adversos
424 1236 494 1277 aequo
504 1221 530 1268 iu
539 1237 584 1269 sua
594 1222 687 1278 colligit
697 1236 774 1269 arma.

179 1290 227 1338 Hic
237 1291 329 1337 mactat
339 1290 441 1337 Ladona
450 1290 601 1345 Pheretaque
612 1290 833 1347 Demodocumque,

180 1357 317 1414 Strymonio
326 1358 438 1405 dextram
448 1358 554 1415 fulgenti
563 1358 652 1414 deripit
661 1373 720 1406 ense

178 1427 269 1475 elatam
278 1426 304 1472 in
313 1425 433 1484 iugulum,
444 1442 502 1474 saxo
512 1427 570 1474 ferit
580 1442 624 1474 ora
634 1427 754 1475 Thoantis

178 1510 278 1550 ossaque
288 1495 402 1551 dispersit
412 1495 511 1543 cerebro
520 1495 642 1551 permixta
651 1497 762 1543 cruento.

179 1563 244 1610 Fata
253 1578 341 1610 canens
351 1562 417 1610 silvis
427 1564 524 1620 genitor
534 1563 627 1611 celarat
636 1564 787 1612 Halaesum:

179 1633 208 1678 ut
218 1631 297 1679 senior
305 1630 354 1679 leto
364 1631 477 1678 canentia
485 1631 580 1679 lumina
590 1632 672 1690 solvit,

179 1699 281 1747 iniecere
291 1716 390 1747 manum
400 1700 493 1748 Parcae
503 1701 604 1757 telisque
615 1703 746 1749 sacrarunt

144 1783 168 1808 20
180 1768 296 1826 Evandri.
328 1769 404 1825 Quem
414 1769 449 1817 sio
459 1769 541 1816 Pallas
551 1770 614 1826 petit
624 1772 682 1818 ante
691 1770 820 1826 precatus:

181 1837 187 1859 ‘
197 1838 237 1885 Da
245 1852 319 1894 nuno,
331 1837 423 1894 Thybri
432 1839 511 1894 pater,
521 1838 596 1896 ferro,
607 1839 670 1894 quod
681 1839 771 1885 missile
780 1838 850 1892 libro,

179 1907 304 1953 fortunam
314 1908 386 1962 atque
395 1906 460 1952 viam
470 1906 525 1953 duri
535 1922 578 1962 per
588 1908 673 1963 pectus
682 1906 791 1953 Halaesi.

179 1976 248 2022 Haec
258 1990 325 2022 arma
335 1974 479 2031 exuviasque
488 1975 536 2022 viri
545 1978 590 2022 tua
599 1990 701 2031 quercus
711 1974 828 2022 habebit'

178 2043 264 2090 Audiit
273 2043 316 2089 illa
325 2043 384 2090 deus
393 2063 398 2090 :
413 2043 472 2090 dum
481 2043 544 2090 texit
552 2044 653 2090 Imaona
662 2043 794 2100 Halaesus,

179 2111 283 2159 Arcadio
293 2111 378 2159 infelix
387 2111 436 2158 telo
446 2111 489 2158 dat
499 2114 584 2167 pectus
592 2111 722 2159 inermum.

178 2180 214 2227 At
223 2195 273 2227 non
283 2180 355 2227 caede
364 2179 411 2226 viri
419 2181 492 2227 tanta
500 2181 632 2236 perterrita
641 2181 746 2237 Lausus,

179 2263 235 2303 pars
245 2248 330 2305 ingens
339 2247 403 2304 belli,
415 2249 473 2295 sinit
482 2249 593 2305 agmina:
609 2248 702 2304 primus
711 2248 836 2294 Abantem

179 2317 315 2372 oppositum
324 2316 456 2373 interemit,
465 2332 561 2372 pugnae
567 2317 704 2372 nodumque
709 2332 857 2372 moramque.

180 2384 304 2432 Sternitur
315 2385 435 2433 Arcadiae
445 2385 531 2442 proles,
542 2387 687 2433 sternuntur
696 2385 805 2442 Etrusci,

130 2475 168 2512 4³0
179 2454 204 2499 et
214 2468 265 2509 vos,
275 2469 290 2500 o
300 2454 380 2502 Graiis
389 2454 519 2511 imperdita
528 2469 637 2512 corpora,
648 2453 745 2501 Teucri.

228 2520 237 2568 (
246 2521 298 2569 358)
