1972 3164
54 152 127 159 ,,,,,-
147 149 234 155 .---
260 144 369 152 .——-..
394 142 438 147 ·--·

368 343 391 381 P.
404 340 524 381 VERGILI
537 339 665 380 tinnoms

145 455 169 492 so
180 440 206 488 et
214 454 259 487 nos
268 439 329 496 tela,
339 441 419 495 pater,
429 438 569 493 ferrumque
578 437 645 484 haud
655 434 734 483 debile
743 434 834 483 dextra

180 508 316 566 spargimus
327 527 333 564 ;
347 509 373 555 et
382 507 466 554 nostro
476 505 585 562 sequitur
594 505 624 552 de
633 505 737 552 vulnere
750 506 858 563 sanguis.

181 578 263 634 Longe
272 577 308 623 illi
318 576 364 623 dea
372 577 452 623 mater
460 575 516 632 erit,
526 590 588 631 quae
597 573 662 621 nube
670 574 787 630 fugacem

181 645 286 694 feminea
294 646 363 702 tegat
372 646 398 693 et
406 645 476 692 vanis
486 659 537 692 sese
547 643 642 691 occulat
652 643 764 691 umbris.’

209 714 245 760 At
254 713 347 770 regrina,
357 729 420 761 nova
429 727 525 770 pugnae
536 710 670 759 conterrita
679 713 754 768 sorte,

183 782 256 831 flebat
266 784 291 830 et
304 782 430 829 ardentem
440 797 556 840 generum
566 780 687 828 moritura
697 779 813 828 tenebat:

183 849 190 871 ‘
199 851 289 906 Turne,
300 850 393 906 perhas
400 865 445 908 ego
451 851 476 897 te
483 849 604 906 lacrimas,
611 864 656 905 per
665 848 747 904 siquis
755 849 861 895 Amatae

182 919 263 975 tangit
273 918 347 965 honos
357 919 465 968 animum
477 919 540 974 (spes
550 919 579 964 tu
589 933 654 965 nunc
664 933 723 973 una,
734 919 848 964 senectae

182 988 212 1032 tu
219 986 313 1041 requies
322 986 433 1042 miserae,
444 986 516 1033 decus
526 985 701 1041 imperiumque
710 985 797 1032 Latini

182 1055 208 1101 te
218 1068 298 1111 penes,
308 1053 335 1100 in
344 1055 369 1100 te
379 1054 456 1100 omnis
465 1054 550 1101 domus
559 1053 676 1100 inclinata
685 1052 827 1110 recumbit),

148 1131 173 1168 60
184 1137 260 1169 unum
269 1137 326 1168 oro:
342 1121 430 1169 desiste
440 1137 540 1169 manum
550 1122 701 1170 committere
712 1122 825 1169 Teucris.

184 1190 231 1248 Qui
240 1191 265 1236 te
275 1205 376 1246 cumque
385 1192 485 1238 manent
494 1189 542 1237 isto
551 1189 682 1237 certamine
692 1204 773 1246 casus,

184 1260 209 1305 et
215 1258 466 1315 me,Turne,manent
477 1278 482 1305 ε
498 1257 570 1305 simul
575 1258 635 1305 haec
640 1256 719 1303 invisa
725 1257 863 1312 relinquam

184 1325 277 1373 lumina
286 1341 330 1374 nec
339 1341 456 1382 generum
466 1327 566 1374 Aenean
575 1325 673 1382 captiva
682 1324 786 1373 videbo.’

185 1395 286 1451 Accepit
296 1410 377 1442 vocem
387 1395 493 1442 lacrimis
502 1394 604 1442 Lavinia
613 1393 700 1441 matris

186 1463 317 1519 flagrantes
326 1463 425 1519 perlusa
434 1479 517 1520 genas,
528 1462 567 1510 cui
576 1462 695 1518 plurimus
704 1461 789 1518 ignem

186 1530 287 1578 subiecit
296 1531 370 1578 rubor
379 1533 404 1578 et
414 1531 532 1578 calefacta
545 1546 589 1587 per
597 1546 641 1578 ora
649 1530 768 1577 cucurrit.

187 1599 275 1646 Indum
285 1600 417 1656 sanguineo
426 1600 503 1648 veluti
512 1599 637 1646 violaverit
647 1601 714 1646 ostro

187 1667 208 1714 si
217 1668 269 1724 quis
279 1667 346 1724 ebur,
357 1670 401 1714 aut
412 1669 489 1715 mixta
498 1669 587 1716 rubent
596 1668 638 1715 ubi
647 1667 699 1714 lilia
708 1667 790 1712 multa

188 1736 244 1783 alba
253 1751 322 1783 rosa:
336 1737 398 1784 tales
408 1737 477 1794 virgo
487 1737 561 1784 dabat
571 1752 611 1784 ore
621 1735 718 1783 colores.

153 1822 178 1858 70
189 1805 262 1850 Illum
272 1804 356 1851 turbat
366 1820 441 1862 amor,
452 1807 551 1862 figitque
560 1805 586 1852 in
596 1803 689 1860 virgine
699 1804 785 1850 vultus
795 1825 800 1850 :

189 1872 258 1918 ardet
268 1872 293 1917 in
303 1887 371 1918 arma
381 1874 457 1929 magis
468 1875 597 1929 paucisque
606 1874 698 1919 affatur
708 1873 843 1920 Amatam:

189 1938 251 1994 ‘Na
262 1954 358 1995 quaeso,
368 1955 399 1986 ne
409 1957 447 1987 me
457 1941 564 1988 lacrimis
574 1957 633 1989 neve
642 1941 721 1987 omino
731 1943 806 1987 tanto

188 2022 329 2064 prosequere
339 2006 365 2053 in
375 2007 430 2053 duri
440 2010 574 2056 certamina
584 2009 672 2056 Martis
682 2012 792 2066 euntem,

189 2076 290 2123 omater
299 2094 305 2132 ;
320 2089 396 2130 neque
406 2076 470 2122 enim
480 2077 563 2124 Turno
574 2093 642 2124 mora
650 2077 729 2123 libera
738 2077 835 2124 mortis.

189 2144 296 2191 Nuntius
306 2143 365 2190 haec
375 2143 461 2191 Idmon
471 2145 577 2202 Phrygio
587 2161 641 2192 mea
650 2145 716 2191 dicta
726 2147 835 2200 tyranno

189 2212 256 2259 haud
265 2211 385 2267 placitura
394 2213 460 2260 refer
471 2234 475 2260 :
490 2229 545 2260 cum
556 2214 660 2269 primum
671 2213 781 2260 crastina
792 2211 858 2260 caelo

190 2281 296 2339 puniceis
306 2281 402 2329 invecta
414 2283 474 2329 rotis
484 2282 580 2328 Aurora
589 2280 693 2338 rubebit,

190 2364 239 2396 non
260 2351 365 2397 Teucros
388 2352 447 2407 agat
469 2350 495 2396 in
519 2349 632 2405 Rutulos,
653 2349 776 2395 Teucrum
798 2363 867 2395 arma

247 2419 371 2474 quiescant

191 2486 216 2531 et
226 2486 314 2535 Rutuli
324 2508 330 2544 ;
346 2490 429 2534 nostro
439 2487 580 2534 dirimamus
591 2486 707 2542 sanguino
717 2485 821 2542 bellum,

156 2565 181 2602 80
193 2551 233 2600 illo
243 2559 373 2610 quaeratur
382 2555 487 2602 coniunx
496 2554 598 2601 Lavinia
608 2554 708 2608 campo'

220 2624 290 2737 limeis
299 2623 340 2735 {rbi
349 2623 415 2670 dicta
424 2624 490 2670 dedit
500 2623 644 2678 rapidusque
651 2622 676 2668 in
683 2624 751 2668 tecta
758 2622 866 2677 recessit,

254 2704 266 2737 4
