1972 3164
380 165 403 203 P.
416 164 535 204 VERGILI
548 164 676 205 MARONIS

190 261 286 308 incidit.
314 258 363 309 Ast
372 262 414 309 alii
423 263 536 320 subeunt,
547 278 591 310 nee
601 278 661 310 saxu
669 279 714 310 neo
723 263 801 310 ullum

190 329 296 376 telorum
303 330 398 378 interea
408 333 487 379 cessat
495 346 580 387 genus.

219 398 372 446 Vestibulum
395 401 452 447 ante
477 399 556 454 ipsum
584 399 708 454 primoque
734 399 760 446 in
784 399 867 449 limine

247 467 357 524 Pyrrhus

142 556 180 591 470
190 535 305 593 exsultat,
315 536 370 583 telis
379 537 404 583 et
413 535 466 583 luce
476 551 589 583 coruscus
598 539 674 593 atum
733 593 736 601 Ι

191 604 268 660 qualis
277 605 319 651 ubi
327 604 353 650 in
362 603 440 651 lucem
450 604 548 652 coluber
557 605 622 651 mala
631 605 743 663 gramina
752 608 846 664 pastus,

190 673 280 729 frigida
289 673 333 719 sub
342 674 410 719 terra
418 673 540 719 tumidum
549 688 621 728 quem
629 673 717 720 bruma
725 674 833 732 tegebat,

191 756 263 798 nnnc,
273 740 357 796 positis
366 755 443 787 novus
452 741 545 787 exuviis
555 740 692 797 nitidusque
701 741 809 798 iuventa,

190 808 283 856 lubrica
292 808 412 856 convolvit
422 809 519 856 sublato
527 812 625 864 pectore
634 811 707 868 terga

190 878 280 924 arduus
290 878 322 924 ad
331 877 413 934 solem,
425 879 450 924 et
459 877 549 933 linguis
559 878 634 924 micat
643 893 684 924 ore
693 878 809 926 trisulcis.

190 947 247 994 Una
256 946 341 1002 ingens
351 945 469 1001 Periphas
479 948 505 992 et
514 961 630 1001 equorum
640 946 749 1005 agitator
754 948 865 1005 Achillis,

190 1014 296 1070 armiger
304 1014 466 1070 Automedon,
477 1029 528 1060 uua
537 1014 615 1060 omnis
625 1014 710 1070 Scyiia
719 1015 796 1070 pubes

190 1083 322 1129 succedunt
331 1083 405 1138 tecto,
416 1082 441 1128 et
451 1081 561 1128 flammas
571 1082 603 1128 ad
614 1081 721 1129 culmina
729 1084 832 1130 iactent.

190 1150 247 1206 Ipse
255 1151 321 1198 inter
329 1150 418 1206 primos
426 1151 538 1205 correpta
546 1149 609 1196 dura
618 1149 717 1205 bipenni

143 1230 181 1278 480
190 1218 276 1265 limina
285 1219 429 1274 perrumpit,
439 1220 567 1273 postesque
577 1233 592 1264 a
601 1218 699 1265 cardine
708 1218 778 1265 vellit

191 1289 301 1343 aeratos;
314 1287 409 1342 iamque
418 1286 498 1334 excisa
506 1285 576 1332 trabe
587 1286 657 1332 firma
667 1286 764 1332 cavavit

190 1356 277 1403 robora
286 1357 311 1402 et
320 1355 443 1411 ingentem
452 1354 504 1400 lato
513 1355 581 1401 dedit
591 1369 632 1401 ore
642 1353 785 1402 fenestram.

190 1425 300 1480 Apparet
310 1424 394 1470 domus
403 1423 470 1469 intus
479 1423 505 1469 et
514 1422 579 1469 atria
588 1422 662 1478 longa
671 1424 809 1479 patescunt,

190 1494 310 1548 apparent
319 1490 411 1538 Priami
420 1493 446 1538 et
455 1492 566 1537 veterum
576 1490 711 1546 penetralia
720 1506 815 1547 regum,

191 1562 343 1616 armatosque
352 1561 436 1607 vident
445 1561 539 1606 stantes
547 1559 574 1605 in
583 1559 664 1605 limine
674 1559 761 1614 primo.

219 1629 254 1676 At
264 1630 347 1676 domus
357 1627 458 1675 interior
467 1628 560 1685 gemitu
569 1627 703 1683 miseroque
712 1627 824 1674 tumultu
893 1660 897 1666 -

191 1699 313 1754 miscetur,
324 1697 466 1753 penitusque
476 1711 548 1743 cavae
558 1695 714 1754 plangoribus
724 1695 795 1742 aedes

190 1766 299 1813 femineis
309 1766 405 1812 ululant
415 1784 421 1821 ;
435 1764 493 1811 ferit
503 1780 577 1811 aurea
586 1764 666 1811 sidera
676 1763 775 1811 clamor.

191 1836 254 1881 Tum
263 1835 364 1890 pavidae
374 1833 445 1880 tectis
455 1835 546 1879 matres
555 1832 694 1888 ingentibus
704 1832 796 1887 errant,

142 1926 180 1962 490
191 1904 359 1959 amplexaeque
369 1903 454 1949 tenent
463 1903 543 1956 postes
553 1903 625 1956 atoue
634 1900 716 1947 oscula
725 1900 813 1956 figunt.

191 1972 273 2018 Instat
282 1971 307 2018 vi
316 1971 397 2026 patria
406 1970 514 2026 Pyrrhus
523 1990 529 2016 :
542 1984 586 2016 nec
597 1969 703 2016 daustru
712 1983 757 2015 nec
766 1967 814 2023 ipsi

191 2041 301 2088 custodes
311 2040 412 2086 sufferre
422 2037 519 2094 valent3
533 2037 600 2085 labat
610 2037 686 2084 ariete
696 2035 781 2083 crebro

189 2109 270 2165 ianua,
281 2110 306 2155 et
316 2107 390 2155 emoti
399 2106 560 2162 procumbunt
571 2106 668 2153 cardine
678 2106 773 2161 postes3

190 2177 219 2223 fit
228 2177 268 2223 via
277 2177 315 2232 vi;
330 2177 447 2231 rumpunt
457 2175 537 2221 aditus
547 2175 683 2230 primosque
692 2173 818 2221 trucidant

190 2245 290 2291 immissi
300 2244 381 2290 Danai
388 2246 413 2291 et
422 2243 472 2289 late
481 2242 534 2290 loca
543 2243 620 2289 milite
631 2241 760 2296 complent.

190 2313 246 2360 Non
256 2313 298 2370 sic,
309 2311 436 2368 aggeribus
445 2311 524 2366 ruptis
535 2326 589 2357 cum
599 2325 712 2365 spumeus
722 2311 800 2357 amnis

190 2380 248 2426 exiit
258 2380 426 2436 oppositasque
435 2377 507 2425 evicit
516 2378 613 2434 gurgite
623 2377 705 2435 moles,

190 2448 270 2494 fertur
278 2448 304 2493 in
314 2463 374 2494 arva
380 2447 463 2493 furens
470 2446 574 2502 cumulo,
583 2461 725 2501 camposque
732 2462 776 2502 per
781 2462 863 2493 omnes

237 2516 245 2562 (
256 2528 289 2562 152
299 2516 307 2562 )
