1972 3164
321 183 431 223 AENEIS.
457 185 468 222 1

55 281 136 337 Aeque
145 279 239 328 utinam
249 295 292 327 rex
301 279 352 336 ipse
362 281 429 328 Noro
439 278 576 336 compulsus
586 280 669 327 eodem

54 351 143 398 afforet
151 350 261 397 Aeneas!
278 351 387 406 equidem
398 365 442 405 per
453 349 526 396 litora
540 351 618 396 certos

54 419 177 466 dimittam
187 420 212 465 ei
222 419 311 474 Libyae
317 418 423 465 luslrare
433 419 543 465 extrema
551 417 646 473 iubebo,

54 485 172 542 siquibus
182 486 270 533 eiectus
280 486 346 532 silvis
356 488 400 533 aui
409 485 510 532 urbibus
520 486 604 532 errat!

84 557 132 603 His
143 555 249 602 animum
260 556 348 602 arrecti
358 555 429 602 dietis
439 556 464 602 ei
473 554 545 601 fortis
555 554 662 601 thaies

10 629 46 677 580
55 627 81 674 ei
91 625 162 680 pater
171 625 266 672 Aeneas
275 624 416 670 iamdudum
425 638 551 678 erumpere
561 622 648 669 nubem

55 691 184 741 ardebant.
215 692 286 738 Prior
294 692 395 739 Aenean
405 691 650 746 compararemus
660 713 666 739 ι

57 761 139 809 ‘Nate
149 761 202 818 dea,
213 775 273 815 quae
284 775 349 807 nuno
360 760 440 807 animo
449 759 570 807 sententia
580 760 675 816 surgit?

56 828 147 877 Omnia
156 829 213 875 luia
222 828 296 884 vides,
307 828 409 875 olassem
419 828 540 883 sociosque
549 829 666 883 reoopios.

57 897 129 945 Unus
158 897 235 954 abasi,
266 896 344 943 medio
371 897 398 942 in
426 895 503 944 fluolu
532 910 602 951 quem
628 897 732 943 vidimus

116 980 164 1020 ipsi

58 1033 211 1082 submersum
220 1053 226 1089 ς
244 1033 314 1080 dioiis
324 1034 470 1088 respondent
483 1035 564 1080 cetera
573 1033 675 1080 matris!

58 1102 109 1152 Vix
118 1117 148 1149 ea
156 1101 224 1149 faius
234 1104 297 1159 erat,
308 1117 363 1149 eum
373 1101 519 1149 circumfusa
529 1103 629 1158 repenle

59 1170 150 1218 scindit
159 1185 184 1216 se
194 1169 270 1217 nubes
280 1170 306 1218 el
316 1170 342 1216 in
351 1170 452 1217 aethera
461 1173 551 1226 purgas
561 1171 680 1226 apertum.

60 1238 165 1286 Besiilii
174 1238 269 1285 Aeneas
279 1238 391 1294 claraque
399 1238 425 1284 in
434 1237 488 1284 luoe
497 1237 594 1284 refulsit

61 1321 89 1353 os
98 1320 240 1361 umerosque
250 1306 294 1353 deo
304 1306 388 1353 similis
397 1325 403 1362 ;
417 1320 521 1361 namque
531 1305 584 1360 ipsa
593 1304 704 1351 decoram

10 1394 51 1432 59⁰
62 1373 193 1422 oaesariem
203 1375 262 1421 nato
271 1375 383 1431 genetrix
391 1375 521 1429 lumenque
530 1373 642 1419 iuventae

62 1457 212 1500 purpureum
222 1445 248 1491 ei
257 1443 333 1490 laetos
343 1443 418 1490 oeulis
431 1441 526 1489 afflaral
535 1440 636 1488 honores
646 1461 651 1487 ι

62 1509 134 1568 quale
143 1526 230 1557 manus
239 1510 334 1559 adduui
344 1511 411 1558 ebori
423 1511 504 1566 deeus,
515 1511 559 1556 aut
568 1509 610 1555 ubi
619 1508 682 1555 flavo

62 1579 194 1635 argentum
204 1579 321 1626 Pariusve
331 1579 393 1635 lapis
403 1579 569 1626 oiroumdalur
578 1593 646 1625 auro.

64 1648 128 1695 lum
139 1647 173 1694 sio
182 1647 292 1705 reginam
302 1647 434 1703 alloquitur
444 1647 583 1702 cunctisque
592 1647 691 1702 repense

63 1715 209 1772 improvisus
219 1716 271 1762 aii:
288 1716 400 1773 ‘Coram
411 1730 480 1772 quem
491 1715 614 1773 quaeritis,
625 1715 709 1761 adsum

64 1784 153 1832 Troius
162 1784 267 1842 Aeneas,
277 1784 373 1840 Libyeis
383 1785 481 1839 ereptus
491 1783 521 1830 ab
531 1783 610 1830 undis.

65 1853 88 1901 O
98 1853 150 1900 sola
158 1853 271 1900 infandos
285 1853 371 1900 Troiae
381 1853 496 1900 miserata
505 1852 607 1909 labores,

66 1935 128 1977 quae
136 1936 187 1978 nos,
198 1921 312 1977 reliquias
323 1921 446 1977 Danaum,
457 1922 583 1976 terraeque
592 1920 712 1974 marisqne

67 1987 178 2036 omnibus
189 1989 320 2036 exhaustos
329 1989 379 2035 iam
389 1989 491 2046 ossibus,
502 1989 608 2036 omnium
618 2002 705 2044 egenos

16 2074 56 2112 ⁶00
68 2057 129 2105 urbe
139 2057 209 2105 domo
218 2057 303 2114 sooias,
314 2059 396 2114 grates
406 2057 542 2112 persolvere
552 2057 637 2114 dignas

68 2141 117 2173 non
125 2127 177 2181 opis
187 2127 224 2173 esi
233 2128 340 2184 nostrae,
351 2126 424 2182 Dido,
432 2140 476 2172 neo
486 2125 601 2181 quidquid
610 2124 696 2178 ubique
704 2124 742 2170 esi

68 2195 149 2252 gentis
178 2195 326 2252 Dardaniae,
356 2209 471 2250 magnum
498 2209 559 2250 quae
588 2207 673 2248 sparsa
698 2205 743 2246 per

126 2263 215 2310 orbem.

70 2332 105 2380 Di
114 2331 167 2388 ribi,
178 2331 199 2378 si
209 2347 257 2388 qua
266 2331 317 2388 pios
327 2331 466 2387 respeelanr
475 2330 583 2387 numina,
595 2329 615 2376 si
625 2327 682 2384 quid

70 2413 173 2455 usquam
181 2399 277 2446 iustitia
286 2401 324 2446 esi
333 2401 359 2446 ei
368 2414 437 2446 mens
447 2398 492 2446 sibi
501 2398 596 2445 oousoia
604 2396 673 2452 reoli,

70 2467 260 2583 praemia)digua
268 2467 358 2515 ferant.
389 2467 456 2522 Quae
465 2467 491 2514 te
498 2467 550 2514 tam
559 2465 624 2512 laeta
633 2464 742 2511 iuleruni

138 2549 171 2585 131
390 2543 423 2572 az
