1972 3164
450 181 473 220 P.
486 180 606 221 VERGILI
619 181 746 223 MARONIS

260 277 394 325 aetherium
408 293 504 334 sensum
514 281 586 336 aeque
596 281 665 327 aurai
675 281 788 337 simplicis
798 282 887 338 iguem.

261 345 314 393 Has
324 362 414 404 omnes,
424 347 466 395 ubi
475 349 540 395 mille
549 351 628 396 rotam
638 350 732 396 volvere
741 366 784 405 per
793 366 877 408 annos,

261 413 395 462 Lethaeum
405 415 437 462 ad
445 416 545 463 fluvium
555 417 612 464 deus
625 420 710 464 evocat
719 419 814 474 agmine
825 435 925 476 magno,

213 496 251 536 7⁵0
262 481 352 530 seilicet
362 483 511 531 immemores
521 500 608 541 supera
617 487 646 532 ut
656 501 762 533 convexa
771 487 879 534 revisant

261 564 347 597 rursus
355 552 382 599 et
391 552 508 608 incipiant
517 553 543 599 in
553 568 654 608 corpora
663 554 724 601 velle
734 555 840 602 reverti!

289 618 391 666 Dixerat
400 619 526 677 Anchises,
537 623 668 677 natumque
677 638 773 678 unaque
783 623 902 680 Sibyllam

260 687 393 735 eonventus
402 686 480 733 trehit
489 687 515 734 in
524 689 615 736 medios
624 689 768 745 turbamque
778 693 914 748 sonantem,

261 755 287 802 et
296 753 417 800 tumulum
427 754 500 812 eupit,
510 757 575 803 unde
584 771 666 804 omnes
675 757 747 814 longo
756 759 839 806 ordine
849 761 931 814 poseat

261 822 374 870 adversos
384 822 463 879 legere
472 825 498 871 et
507 824 647 872 venientum
657 826 747 872 discere
756 827 847 874 vultus.

290 890 378 939 ‘Nune
392 906 445 949 age,
461 892 611 940 Dardaniam
626 894 716 949 prolem
727 910 787 949 quae
800 895 886 943 deinde
900 911 937 944 ee·

317 961 407 1015 quatur

262 1028 347 1088 gloria,
357 1027 398 1084 qui
407 1031 523 1076 maneant
532 1030 598 1077 Itala
607 1032 636 1078 de
645 1034 718 1088 gente
727 1033 835 1089 nepotes,

261 1096 369 1144 illustres
378 1097 471 1144 animas
481 1099 638 1154 nostrumque
648 1099 674 1145 in
683 1115 769 1147 nomen
778 1101 865 1158 ituras,

262 1165 387 1222 expediam
396 1165 467 1213 dietis
477 1167 503 1212 et
512 1168 537 1213 te
547 1168 592 1214 tua
602 1168 656 1214 fata
665 1167 760 1215 dooebo.

213 1244 250 1293 760
263 1234 317 1291 Ille,
327 1234 401 1291 vides,
412 1250 476 1291 pura
485 1235 579 1283 iuvenis
588 1236 629 1291 qui
638 1236 726 1282 nititur
735 1236 814 1292 hasta,

262 1303 372 1361 proxime
382 1305 446 1350 sorte
455 1304 524 1351 tenet
533 1303 592 1351 lucia
602 1304 662 1362 loca,
673 1305 764 1360 primus
774 1305 806 1351 ad
816 1321 889 1352 aurae

261 1371 381 1419 aetherias
393 1371 457 1419 Italo
467 1372 609 1419 commixtus
620 1373 735 1429 sanguine
745 1375 836 1430 surget,

262 1439 359 1497 Silvius,
369 1440 492 1487 Albanum
501 1456 596 1498 nomen,
607 1443 652 1488 tua
660 1443 773 1497 postuma
782 1441 870 1498 proles,

261 1522 332 1566 quem
341 1507 386 1555 tibi
393 1508 510 1565 longaevo
520 1523 599 1556 serum
609 1510 710 1556 Lavinia
720 1509 824 1556 coniunx

260 1577 347 1624 edueet
356 1576 422 1622 silvis
432 1592 513 1633 regem
527 1592 657 1635 regumque
667 1580 800 1633 parentem,

260 1645 324 1692 unde
334 1660 410 1701 genus
423 1645 508 1702 Longa
516 1647 626 1692 nostrum
636 1645 797 1693 dominabitur
806 1645 879 1692 Alba.

262 1712 389 1760 Proximus
398 1712 439 1759 ille
450 1713 547 1769 Procas,
559 1714 677 1760 Troianae
687 1714 765 1771 gloria
773 1713 862 1769 gentis,

261 1783 287 1830 et
297 1782 375 1838 Capys
385 1782 410 1828 et
420 1781 534 1828 Numitor
544 1783 569 1829 et
579 1783 620 1838 qui
629 1785 654 1829 te
663 1783 759 1829 nomine
769 1782 854 1829 reddet

262 1850 350 1897 Silvius
359 1850 462 1906 Aeneae,
474 1850 566 1904 pariter
575 1851 665 1905 pietate
678 1851 716 1897 rel
725 1850 798 1897 ermis

213 1943 250 1979 77⁰
261 1917 379 1974 egregius,
390 1916 533 1972 aiumquam
543 1920 691 1974 regnandam
701 1919 820 1974 acceperit
829 1918 929 1966 Albam.

262 1986 309 2044 qui
317 1986 423 2042 iuvenes,
434 1987 538 2041 quantae
548 1988 681 2044 ostentant,
692 1987 779 2044 aspice,
789 1987 863 2044 vires,

261 2057 334 2112 atque
344 2055 458 2102 umbrata
467 2057 556 2111 gerunt
567 2055 631 2102 cirili
641 2057 751 2110 tempora
759 2059 863 2110 quercu!

261 2124 296 2170 Hi
305 2123 351 2170 tibi
360 2123 507 2170 Nomentum
517 2124 542 2169 et
553 2123 641 2171 Gabios
651 2124 780 2179 urbemque
790 2123 917 2180 Fidenam,

260 2192 286 2239 hi
296 2192 428 2240 Collatinas
438 2191 562 2247 imponent
572 2192 694 2238 montibus
704 2207 779 2248 eroes,

260 2260 381 2308 Pometios
391 2260 551 2314 Castrumque
561 2260 616 2306 Inui
626 2260 759 2314 Bolamque
770 2260 912 2314 Coramque.

261 2329 329 2376 Haeo
346 2331 400 2375 tum
415 2327 513 2374 nomina
528 2329 608 2384 erunt,
623 2343 687 2374 nune
703 2329 760 2373 eunt
775 2327 826 2374 sine
838 2327 935 2373 nomine

316 2399 403 2444 terrae.

261 2464 324 2580 Qui?
335 2467 360 2570 Ξῖ
369 2480 414 2578 {evo
425 2465 536 2511 comitem
546 2479 597 2511 sese
607 2463 743 2511 Mavortius
753 2464 828 2510 addet

326 2545 336 2570 2
350 2545 361 2569 2
