<?xml version="1.0" encoding="UTF-8"?>
<!DOCTYPE html PUBLIC "-//W3C//DTD XHTML 1.0 Transitional//EN"
    "http://www.w3.org/TR/xhtml1/DTD/xhtml1-transitional.dtd">
<html xmlns="http://www.w3.org/1999/xhtml" xml:lang="en" lang="en">
 <head>
  <title>
</title>
<meta http-equiv="Content-Type" content="text/html;charset=utf-8" />
  <meta name='ocr-system' content='tesseract 3.04.00' />
  <meta name='ocr-capabilities' content='ocr_page ocr_carea ocr_par ocr_line ocrx_word'/>
</head>
<body>
  <div class='ocr_page' id='page_1' title='image "./pvergilimaronis07virggoog/pvergilimaronis07virggoog_0344.png"; bbox 0 0 1972 3164; ppageno 0'>
   <div class='ocr_carea' id='block_1_1' title="bbox 423 183 589 224">
    <p class='ocr_par' dir='ltr' id='par_1_1' title="bbox 423 183 589 224">
     <span class='ocr_line' id='line_1_1' title="bbox 423 183 589 224; baseline 0 -1"><span class='ocrx_word' id='word_1_1' title='bbox 423 183 532 224; x_wconf 84' lang='lat' dir='ltr'>AENEIS.</span> <span class='ocrx_word' id='word_1_2' title='bbox 558 184 589 223; x_wconf 89' lang='lat' dir='ltr'>IX</span> 
     </span>
    </p>
   </div>
   <div class='ocr_carea' id='block_1_2' title="bbox 122 278 845 2121">
    <p class='ocr_par' dir='ltr' id='par_1_2' title="bbox 169 278 715 338">
     <span class='ocr_line' id='line_1_2' title="bbox 169 278 715 338; baseline 0.004 -12"><span class='ocrx_word' id='word_1_3' title='bbox 169 278 272 336; x_wconf 89' lang='lat' dir='ltr'>amplius</span> <span class='ocrx_word' id='word_1_4' title='bbox 282 281 385 328; x_wconf 79' lang='lat' dir='ltr'><strong>audaces</strong></span> <span class='ocrx_word' id='word_1_5' title='bbox 394 282 491 338; x_wconf 79' lang='lat' dir='ltr'>Rutuli,</span> <span class='ocrx_word' id='word_1_6' title='bbox 502 281 544 328; x_wconf 88' lang='lat' dir='ltr'>sed</span> <span class='ocrx_word' id='word_1_7' title='bbox 554 281 642 337; x_wconf 87' lang='lat' dir='ltr'>pellere</span> <span class='ocrx_word' id='word_1_8' title='bbox 651 282 715 329; x_wconf 80' lang='lat' dir='ltr'>vallo</span> 
     </span>
    </p>

    <p class='ocr_par' dir='ltr' id='par_1_3' title="bbox 122 349 791 681">
     <span class='ocr_line' id='line_1_3' title="bbox 122 349 412 402; baseline 0.014 -9"><span class='ocrx_word' id='word_1_9' title='bbox 122 366 159 402; x_wconf 81' lang='lat'>520</span> <span class='ocrx_word' id='word_1_10' title='bbox 169 349 297 396; x_wconf 75' lang='lat' dir='ltr'>missilibus</span> <span class='ocrx_word' id='word_1_11' title='bbox 308 351 412 397; x_wconf 86' lang='lat' dir='ltr'>certant.</span> 
     </span>
     <span class='ocr_line' id='line_1_4' title="bbox 170 418 791 476; baseline 0.003 -12"><span class='ocrx_word' id='word_1_12' title='bbox 170 418 243 465; x_wconf 83' lang='lat' dir='ltr'>Parte</span> <span class='ocrx_word' id='word_1_13' title='bbox 253 419 301 465; x_wconf 89' lang='lat' dir='ltr'>alia</span> <span class='ocrx_word' id='word_1_14' title='bbox 310 418 444 465; x_wconf 89' lang='lat' dir='ltr'>horrendus</span> <span class='ocrx_word' id='word_1_15' title='bbox 454 419 508 466; x_wconf 88' lang='lat' dir='ltr'>risu</span> <span class='ocrx_word' id='word_1_16' title='bbox 517 420 650 476; x_wconf 85' lang='lat' dir='ltr'>quassabat</span> <span class='ocrx_word' id='word_1_17' title='bbox 660 419 791 468; x_wconf 79' lang='lat' dir='ltr'>Etruscam</span> 
     </span>
     <span class='ocr_line' id='line_1_5' title="bbox 169 486 750 545; baseline 0.003 -12"><span class='ocrx_word' id='word_1_18' title='bbox 169 486 253 542; x_wconf 88' lang='lat' dir='ltr'>pinum</span> <span class='ocrx_word' id='word_1_19' title='bbox 263 490 288 534; x_wconf 90' lang='lat' dir='ltr'>et</span> <span class='ocrx_word' id='word_1_20' title='bbox 297 487 423 534; x_wconf 87' lang='lat' dir='ltr'>fumiferos</span> <span class='ocrx_word' id='word_1_21' title='bbox 432 487 509 534; x_wconf 87' lang='lat' dir='ltr'>infert</span> <span class='ocrx_word' id='word_1_22' title='bbox 520 489 655 535; x_wconf 73' lang='lat' dir='ltr'>Mezentius</span> <span class='ocrx_word' id='word_1_23' title='bbox 669 489 735 545; x_wconf 78' lang='lat' dir='ltr'>ignes</span> <span class='ocrx_word' id='word_1_24' title='bbox 744 508 750 545; x_wconf 92' lang='lat'>;</span> 
     </span>
     <span class='ocr_line' id='line_1_6' title="bbox 169 555 782 614; baseline 0.003 -13"><span class='ocrx_word' id='word_1_25' title='bbox 169 557 196 602; x_wconf 89' lang='lat' dir='ltr'>at</span> <span class='ocrx_word' id='word_1_26' title='bbox 206 555 333 610; x_wconf 82' lang='lat' dir='ltr'>Messapus</span> <span class='ocrx_word' id='word_1_27' title='bbox 343 570 430 611; x_wconf 87' lang='lat' dir='ltr'>equum</span> <span class='ocrx_word' id='word_1_28' title='bbox 438 556 550 614; x_wconf 90' lang='lat' dir='ltr'>domitor,</span> <span class='ocrx_word' id='word_1_29' title='bbox 560 556 685 613; x_wconf 74' lang='lat' dir='ltr'>Neptunia</span> <span class='ocrx_word' id='word_1_30' title='bbox 695 557 782 612; x_wconf 89' lang='lat' dir='ltr'>proles,</span> 
     </span>
     <span class='ocr_line' id='line_1_7' title="bbox 168 624 739 681; baseline 0.005 -12"><span class='ocrx_word' id='word_1_31' title='bbox 168 624 283 671; x_wconf 89' lang='lat' dir='ltr'>rescindit</span> <span class='ocrx_word' id='word_1_32' title='bbox 293 624 385 671; x_wconf 86' lang='lat' dir='ltr'>vallum</span> <span class='ocrx_word' id='word_1_33' title='bbox 394 626 419 671; x_wconf 93' lang='lat' dir='ltr'>et</span> <span class='ocrx_word' id='word_1_34' title='bbox 429 625 506 672; x_wconf 85' lang='lat' dir='ltr'>scalas</span> <span class='ocrx_word' id='word_1_35' title='bbox 515 625 541 671; x_wconf 84' lang='lat' dir='ltr'>in</span> <span class='ocrx_word' id='word_1_36' title='bbox 550 626 645 673; x_wconf 89' lang='lat' dir='ltr'>moenia</span> <span class='ocrx_word' id='word_1_37' title='bbox 655 625 739 681; x_wconf 83' lang='lat' dir='ltr'>poscit.</span> 
     </span>
    </p>

    <p class='ocr_par' dir='ltr' id='par_1_4' title="bbox 169 692 802 955">
     <span class='ocr_line' id='line_1_8' title="bbox 198 692 742 750; baseline 0.002 -11"><span class='ocrx_word' id='word_1_38' title='bbox 198 693 256 749; x_wconf 85' lang='lat' dir='ltr'>Vos,</span> <span class='ocrx_word' id='word_1_39' title='bbox 267 708 282 739; x_wconf 95' lang='lat' dir='ltr'>o</span> <span class='ocrx_word' id='word_1_40' title='bbox 291 692 407 750; x_wconf 78' lang='lat' dir='ltr'>Calliope,</span> <span class='ocrx_word' id='word_1_41' title='bbox 418 708 511 750; x_wconf 79' lang='lat' dir='ltr'>precor,</span> <span class='ocrx_word' id='word_1_42' title='bbox 521 694 627 750; x_wconf 80' lang='lat' dir='ltr'>aspirata</span> <span class='ocrx_word' id='word_1_43' title='bbox 637 693 742 749; x_wconf 83' lang='lat' dir='ltr'>canenti,</span> 
     </span>
     <span class='ocr_line' id='line_1_9' title="bbox 169 760 802 818; baseline 0.003 -12"><span class='ocrx_word' id='word_1_44' title='bbox 169 776 229 816; x_wconf 85' lang='lat' dir='ltr'>quas</span> <span class='ocrx_word' id='word_1_45' title='bbox 238 760 272 806; x_wconf 88' lang='lat' dir='ltr'>ibi</span> <span class='ocrx_word' id='word_1_46' title='bbox 281 763 335 807; x_wconf 90' lang='lat' dir='ltr'>tum</span> <span class='ocrx_word' id='word_1_47' title='bbox 345 762 412 808; x_wconf 90' lang='lat' dir='ltr'>ferro</span> <span class='ocrx_word' id='word_1_48' title='bbox 422 763 525 818; x_wconf 77' lang='lat' dir='ltr'>strages,</span> <span class='ocrx_word' id='word_1_49' title='bbox 535 777 596 817; x_wconf 87' lang='lat' dir='ltr'>quae</span> <span class='ocrx_word' id='word_1_50' title='bbox 606 762 694 808; x_wconf 88' lang='lat' dir='ltr'>funera</span> <span class='ocrx_word' id='word_1_51' title='bbox 703 762 802 808; x_wconf 87' lang='lat' dir='ltr'>Turnus</span> 
     </span>
     <span class='ocr_line' id='line_1_10' title="bbox 169 830 777 887; baseline 0.002 -11"><span class='ocrx_word' id='word_1_52' title='bbox 169 830 278 886; x_wconf 79' lang='lat' dir='ltr'>ediderit,</span> <span class='ocrx_word' id='word_1_53' title='bbox 288 845 359 885; x_wconf 91' lang='lat' dir='ltr'>quem</span> <span class='ocrx_word' id='word_1_54' title='bbox 369 831 469 886; x_wconf 89' lang='lat' dir='ltr'>quisque</span> <span class='ocrx_word' id='word_1_55' title='bbox 478 831 557 877; x_wconf 84' lang='lat' dir='ltr'>virum</span> <span class='ocrx_word' id='word_1_56' title='bbox 567 831 689 878; x_wconf 86' lang='lat' dir='ltr'>demiserit</span> <span class='ocrx_word' id='word_1_57' title='bbox 699 831 777 887; x_wconf 88' lang='lat' dir='ltr'>Oreo;</span> 
     </span>
     <span class='ocr_line' id='line_1_11' title="bbox 169 899 671 955; baseline 0.004 -11"><span class='ocrx_word' id='word_1_58' title='bbox 169 900 195 945; x_wconf 90' lang='lat' dir='ltr'>et</span> <span class='ocrx_word' id='word_1_59' title='bbox 204 914 297 945; x_wconf 85' lang='lat' dir='ltr'>meeum</span> <span class='ocrx_word' id='word_1_60' title='bbox 307 899 420 955; x_wconf 79' lang='lat' dir='ltr'>ingentes</span> <span class='ocrx_word' id='word_1_61' title='bbox 430 914 484 946; x_wconf 87' lang='lat' dir='ltr'>oras</span> <span class='ocrx_word' id='word_1_62' title='bbox 494 899 598 946; x_wconf 79' lang='lat' dir='ltr'>evolvite</span> <span class='ocrx_word' id='word_1_63' title='bbox 606 899 671 946; x_wconf 85' lang='lat' dir='ltr'>belli.</span> 
     </span>
    </p>

    <p class='ocr_par' dir='ltr' id='par_1_5' title="bbox 122 963 842 1092">
     <span class='ocr_line' id='line_1_12' title="bbox 172 963 842 1026; baseline 0 -14"><span class='ocrx_word' id='word_1_64' title='bbox 172 965 219 1024; x_wconf 84' lang='lat' dir='ltr'>[Et</span> <span class='ocrx_word' id='word_1_65' title='bbox 228 967 371 1014; x_wconf 83' lang='lat' dir='ltr'>meministis</span> <span class='ocrx_word' id='word_1_66' title='bbox 379 968 451 1025; x_wconf 87' lang='lat' dir='ltr'>enim,</span> <span class='ocrx_word' id='word_1_67' title='bbox 459 968 535 1024; x_wconf 85' lang='lat' dir='ltr'>divae,</span> <span class='ocrx_word' id='word_1_68' title='bbox 544 969 569 1016; x_wconf 89' lang='lat' dir='ltr'>et</span> <span class='ocrx_word' id='word_1_69' title='bbox 579 982 712 1016; x_wconf 88' lang='lat' dir='ltr'>memorare</span> <span class='ocrx_word' id='word_1_70' title='bbox 720 963 842 1026; x_wconf 75' lang='lat' dir='ltr'>potestis]</span> 
     </span>
     <span class='ocr_line' id='line_1_13' title="bbox 122 1034 780 1092; baseline -0.008 -6"><span class='ocrx_word' id='word_1_71' title='bbox 122 1051 160 1088; x_wconf 81' lang='lat'>530</span> <span class='ocrx_word' id='word_1_72' title='bbox 199 1035 283 1082; x_wconf 85' lang='lat' dir='ltr'>Turris</span> <span class='ocrx_word' id='word_1_73' title='bbox 290 1038 343 1083; x_wconf 88' lang='lat' dir='ltr'>erat</span> <span class='ocrx_word' id='word_1_74' title='bbox 353 1038 423 1084; x_wconf 83' lang='lat' dir='ltr'>vasto</span> <span class='ocrx_word' id='word_1_75' title='bbox 433 1039 547 1092; x_wconf 82' lang='lat' dir='ltr'>suspectu</span> <span class='ocrx_word' id='word_1_76' title='bbox 556 1039 582 1084; x_wconf 89' lang='lat' dir='ltr'>et</span> <span class='ocrx_word' id='word_1_77' title='bbox 592 1035 705 1092; x_wconf 84' lang='lat' dir='ltr'>pontibus</span> <span class='ocrx_word' id='word_1_78' title='bbox 715 1034 780 1091; x_wconf 85' lang='lat' dir='ltr'>altis,</span> 
     </span>
    </p>

    <p class='ocr_par' dir='ltr' id='par_1_6' title="bbox 170 1102 760 1161">
     <span class='ocr_line' id='line_1_14' title="bbox 170 1102 760 1161; baseline -0.003 -12"><span class='ocrx_word' id='word_1_79' title='bbox 170 1105 306 1158; x_wconf 88' lang='lat' dir='ltr'>opportuna</span> <span class='ocrx_word' id='word_1_80' title='bbox 314 1102 374 1161; x_wconf 87' lang='lat' dir='ltr'>loeo,</span> <span class='ocrx_word' id='word_1_81' title='bbox 385 1105 485 1151; x_wconf 89' lang='lat' dir='ltr'>summis</span> <span class='ocrx_word' id='word_1_82' title='bbox 495 1120 567 1160; x_wconf 86' lang='lat' dir='ltr'>qnam</span> <span class='ocrx_word' id='word_1_83' title='bbox 577 1105 668 1150; x_wconf 81' lang='lat' dir='ltr'>viribus</span> <span class='ocrx_word' id='word_1_84' title='bbox 678 1117 760 1149; x_wconf 90' lang='lat' dir='ltr'>omnes</span> 
     </span>
    </p>

    <p class='ocr_par' dir='ltr' id='par_1_7' title="bbox 169 1169 761 1228">
     <span class='ocr_line' id='line_1_15' title="bbox 169 1169 761 1228; baseline -0.003 -12"><span class='ocrx_word' id='word_1_85' title='bbox 169 1186 307 1227; x_wconf 73' lang='lat' dir='ltr'>expugnare</span> <span class='ocrx_word' id='word_1_86' title='bbox 317 1172 376 1219; x_wconf 88' lang='lat' dir='ltr'>Itali</span> <span class='ocrx_word' id='word_1_87' title='bbox 386 1188 527 1228; x_wconf 86' lang='lat' dir='ltr'>summaque</span> <span class='ocrx_word' id='word_1_88' title='bbox 537 1177 645 1219; x_wconf 86' lang='lat' dir='ltr'>evertere</span> <span class='ocrx_word' id='word_1_89' title='bbox 654 1185 726 1226; x_wconf 91' lang='lat' dir='ltr'>opum</span> <span class='ocrx_word' id='word_1_90' title='bbox 736 1169 761 1214; x_wconf 84' lang='lat' dir='ltr'>vi</span> 
     </span>
    </p>

    <p class='ocr_par' dir='ltr' id='par_1_8' title="bbox 170 1239 701 1296">
     <span class='ocr_line' id='line_1_16' title="bbox 170 1239 701 1296; baseline -0.002 -11"><span class='ocrx_word' id='word_1_91' title='bbox 170 1239 305 1296; x_wconf 87' lang='lat' dir='ltr'>oertabant‚</span> <span class='ocrx_word' id='word_1_92' title='bbox 316 1240 391 1288; x_wconf 76' lang='lat' dir='ltr'>Troes</span> <span class='ocrx_word' id='word_1_93' title='bbox 401 1243 488 1288; x_wconf 89' lang='lat' dir='ltr'>contra</span> <span class='ocrx_word' id='word_1_94' title='bbox 498 1240 627 1287; x_wconf 81' lang='lat' dir='ltr'>defendere</span> <span class='ocrx_word' id='word_1_95' title='bbox 638 1239 701 1286; x_wconf 81' lang='lat' dir='ltr'>saxis</span> 
     </span>
    </p>

    <p class='ocr_par' dir='ltr' id='par_1_9' title="bbox 169 1309 762 1365">
     <span class='ocr_line' id='line_1_17' title="bbox 169 1309 762 1365; baseline -0.003 -10"><span class='ocrx_word' id='word_1_96' title='bbox 169 1323 259 1364; x_wconf 83' lang='lat' dir='ltr'>perque</span> <span class='ocrx_word' id='word_1_97' title='bbox 269 1324 340 1356; x_wconf 80' lang='lat' dir='ltr'>earas</span> <span class='ocrx_word' id='word_1_98' title='bbox 350 1310 418 1356; x_wconf 91' lang='lat' dir='ltr'>densi</span> <span class='ocrx_word' id='word_1_99' title='bbox 427 1310 478 1357; x_wconf 89' lang='lat' dir='ltr'>tela</span> <span class='ocrx_word' id='word_1_100' title='bbox 486 1309 624 1365; x_wconf 87' lang='lat' dir='ltr'>intorquere</span> <span class='ocrx_word' id='word_1_101' title='bbox 634 1309 762 1355; x_wconf 88' lang='lat' dir='ltr'>fenestras.</span> 
     </span>
    </p>

    <p class='ocr_par' dir='ltr' id='par_1_10' title="bbox 170 1376 761 1432">
     <span class='ocr_line' id='line_1_18' title="bbox 170 1376 761 1432; baseline -0.003 -10"><span class='ocrx_word' id='word_1_102' title='bbox 170 1376 285 1432; x_wconf 83' lang='lat' dir='ltr'>Princeps</span> <span class='ocrx_word' id='word_1_103' title='bbox 295 1377 421 1424; x_wconf 86' lang='lat' dir='ltr'>ardentem</span> <span class='ocrx_word' id='word_1_104' title='bbox 431 1377 532 1424; x_wconf 86' lang='lat' dir='ltr'>coniecit</span> <span class='ocrx_word' id='word_1_105' title='bbox 542 1377 655 1432; x_wconf 86' lang='lat' dir='ltr'>lampada</span> <span class='ocrx_word' id='word_1_106' title='bbox 663 1376 761 1422; x_wconf 86' lang='lat' dir='ltr'>Turnus</span> 
     </span>
    </p>

    <p class='ocr_par' dir='ltr' id='par_1_11' title="bbox 169 1443 773 1502">
     <span class='ocr_line' id='line_1_19' title="bbox 169 1443 773 1502; baseline -0.007 -10"><span class='ocrx_word' id='word_1_107' title='bbox 169 1446 195 1493; x_wconf 92' lang='lat' dir='ltr'>et</span> <span class='ocrx_word' id='word_1_108' title='bbox 205 1445 327 1492; x_wconf 85' lang='lat' dir='ltr'>flammam</span> <span class='ocrx_word' id='word_1_109' title='bbox 337 1446 413 1492; x_wconf 87' lang='lat' dir='ltr'>affixit</span> <span class='ocrx_word' id='word_1_110' title='bbox 423 1446 503 1502; x_wconf 88' lang='lat' dir='ltr'>lateri,</span> <span class='ocrx_word' id='word_1_111' title='bbox 515 1461 575 1501; x_wconf 91' lang='lat' dir='ltr'>quae</span> <span class='ocrx_word' id='word_1_112' title='bbox 585 1445 691 1501; x_wconf 89' lang='lat' dir='ltr'>plurima</span> <span class='ocrx_word' id='word_1_113' title='bbox 699 1443 773 1489; x_wconf 85' lang='lat' dir='ltr'>vento</span> 
     </span>
    </p>

    <p class='ocr_par' dir='ltr' id='par_1_12' title="bbox 170 1511 730 1570">
     <span class='ocr_line' id='line_1_20' title="bbox 170 1511 730 1570; baseline -0.005 -9"><span class='ocrx_word' id='word_1_114' title='bbox 170 1513 287 1570; x_wconf 88' lang='lat' dir='ltr'>oorripuit</span> <span class='ocrx_word' id='word_1_115' title='bbox 296 1513 394 1561; x_wconf 81' lang='lat' dir='ltr'>tabulas</span> <span class='ocrx_word' id='word_1_116' title='bbox 402 1516 427 1560; x_wconf 89' lang='lat' dir='ltr'>et</span> <span class='ocrx_word' id='word_1_117' title='bbox 437 1514 546 1570; x_wconf 86' lang='lat' dir='ltr'>postibus</span> <span class='ocrx_word' id='word_1_118' title='bbox 557 1514 635 1560; x_wconf 86' lang='lat' dir='ltr'>haesit</span> <span class='ocrx_word' id='word_1_119' title='bbox 645 1511 730 1559; x_wconf 87' lang='lat' dir='ltr'>adesis.</span> 
     </span>
    </p>

    <p class='ocr_par' dir='ltr' id='par_1_13' title="bbox 170 1580 761 1638">
     <span class='ocr_line' id='line_1_21' title="bbox 170 1580 761 1638; baseline -0.005 -9"><span class='ocrx_word' id='word_1_120' title='bbox 170 1582 275 1629; x_wconf 82' lang='lat' dir='ltr'>Turbati</span> <span class='ocrx_word' id='word_1_121' title='bbox 284 1583 406 1638; x_wconf 86' lang='lat' dir='ltr'>trepidare</span> <span class='ocrx_word' id='word_1_122' title='bbox 416 1583 483 1629; x_wconf 89' lang='lat' dir='ltr'>intus</span> <span class='ocrx_word' id='word_1_123' title='bbox 491 1582 632 1637; x_wconf 82' lang='lat' dir='ltr'>frustraque</span> <span class='ocrx_word' id='word_1_124' title='bbox 643 1580 761 1627; x_wconf 91' lang='lat' dir='ltr'>malorum</span> 
     </span>
    </p>

    <p class='ocr_par' dir='ltr' id='par_1_14' title="bbox 122 1647 845 1778">
     <span class='ocr_line' id='line_1_22' title="bbox 169 1647 845 1707; baseline -0.006 -10"><span class='ocrx_word' id='word_1_125' title='bbox 169 1649 231 1698; x_wconf 81' lang='lat' dir='ltr'>velle</span> <span class='ocrx_word' id='word_1_126' title='bbox 241 1650 333 1706; x_wconf 80' lang='lat' dir='ltr'>fugam.</span> <span class='ocrx_word' id='word_1_127' title='bbox 363 1651 430 1697; x_wconf 89' lang='lat' dir='ltr'>Dum</span> <span class='ocrx_word' id='word_1_128' title='bbox 440 1666 465 1698; x_wconf 92' lang='lat' dir='ltr'>se</span> <span class='ocrx_word' id='word_1_129' title='bbox 474 1651 611 1707; x_wconf 80' lang='lat' dir='ltr'>glomerant</span> <span class='ocrx_word' id='word_1_130' title='bbox 617 1652 729 1704; x_wconf 88' lang='lat' dir='ltr'>retroque</span> <span class='ocrx_word' id='word_1_131' title='bbox 735 1647 845 1696; x_wconf 88' lang='lat' dir='ltr'>residunt</span> 
     </span>
     <span class='ocr_line' id='line_1_23' title="bbox 122 1717 811 1778; baseline -0.004 -12"><span class='ocrx_word' id='word_1_132' title='bbox 122 1740 161 1778; x_wconf 85' lang='lat'>⁵⁴0</span> <span class='ocrx_word' id='word_1_133' title='bbox 169 1719 196 1767; x_wconf 91' lang='lat' dir='ltr'>in</span> <span class='ocrx_word' id='word_1_134' title='bbox 206 1721 309 1776; x_wconf 89' lang='lat' dir='ltr'>partem,</span> <span class='ocrx_word' id='word_1_135' title='bbox 319 1735 381 1776; x_wconf 87' lang='lat' dir='ltr'>quae</span> <span class='ocrx_word' id='word_1_136' title='bbox 391 1724 458 1776; x_wconf 86' lang='lat' dir='ltr'>peste</span> <span class='ocrx_word' id='word_1_137' title='bbox 468 1722 544 1777; x_wconf 87' lang='lat' dir='ltr'>earet,</span> <span class='ocrx_word' id='word_1_138' title='bbox 554 1722 608 1767; x_wconf 87' lang='lat' dir='ltr'>tum</span> <span class='ocrx_word' id='word_1_139' title='bbox 619 1719 724 1776; x_wconf 90' lang='lat' dir='ltr'>pondere</span> <span class='ocrx_word' id='word_1_140' title='bbox 734 1717 811 1765; x_wconf 89' lang='lat' dir='ltr'>turris</span> 
     </span>
    </p>

    <p class='ocr_par' dir='ltr' id='par_1_15' title="bbox 170 1787 803 1846">
     <span class='ocr_line' id='line_1_24' title="bbox 170 1787 803 1846; baseline -0.006 -10"><span class='ocrx_word' id='word_1_141' title='bbox 170 1788 300 1846; x_wconf 77' lang='lat' dir='ltr'>procubuit</span> <span class='ocrx_word' id='word_1_142' title='bbox 310 1789 424 1836; x_wconf 82' lang='lat' dir='ltr'>subitost</span> <span class='ocrx_word' id='word_1_143' title='bbox 434 1789 527 1836; x_wconf 84' lang='lat' dir='ltr'>eaelum</span> <span class='ocrx_word' id='word_1_144' title='bbox 536 1791 608 1836; x_wconf 89' lang='lat' dir='ltr'>tonat</span> <span class='ocrx_word' id='word_1_145' title='bbox 617 1803 687 1836; x_wconf 92' lang='lat' dir='ltr'>omne</span> <span class='ocrx_word' id='word_1_146' title='bbox 697 1787 803 1842; x_wconf 83' lang='lat' dir='ltr'>fragore.</span> 
     </span>
    </p>

    <p class='ocr_par' dir='ltr' id='par_1_16' title="bbox 170 1858 740 1915">
     <span class='ocr_line' id='line_1_25' title="bbox 170 1858 740 1915; baseline -0.007 -9"><span class='ocrx_word' id='word_1_147' title='bbox 170 1858 306 1906; x_wconf 81' lang='lat' dir='ltr'>Semineoes</span> <span class='ocrx_word' id='word_1_148' title='bbox 316 1859 348 1905; x_wconf 87' lang='lat' dir='ltr'>ad</span> <span class='ocrx_word' id='word_1_149' title='bbox 357 1861 457 1915; x_wconf 86' lang='lat' dir='ltr'>terram,</span> <span class='ocrx_word' id='word_1_150' title='bbox 467 1859 568 1908; x_wconf 87' lang='lat' dir='ltr'>immani</span> <span class='ocrx_word' id='word_1_151' title='bbox 577 1858 640 1905; x_wconf 90' lang='lat' dir='ltr'>mole</span> <span class='ocrx_word' id='word_1_152' title='bbox 650 1858 740 1912; x_wconf 79' lang='lat' dir='ltr'>secuta,</span> 
     </span>
    </p>

    <p class='ocr_par' dir='ltr' id='par_1_17' title="bbox 170 1926 641 1983">
     <span class='ocr_line' id='line_1_26' title="bbox 170 1926 641 1983; baseline -0.002 -9"><span class='ocrx_word' id='word_1_153' title='bbox 170 1926 303 1982; x_wconf 81' lang='lat' dir='ltr'>confixique</span> <span class='ocrx_word' id='word_1_154' title='bbox 314 1927 363 1973; x_wconf 89' lang='lat' dir='ltr'>suis</span> <span class='ocrx_word' id='word_1_155' title='bbox 372 1927 428 1974; x_wconf 90' lang='lat' dir='ltr'>telis</span> <span class='ocrx_word' id='word_1_156' title='bbox 437 1929 462 1974; x_wconf 92' lang='lat' dir='ltr'>et</span> <span class='ocrx_word' id='word_1_157' title='bbox 472 1929 570 1983; x_wconf 86' lang='lat' dir='ltr'>pectora</span> <span class='ocrx_word' id='word_1_158' title='bbox 580 1927 641 1973; x_wconf 89' lang='lat' dir='ltr'>duro</span> 
     </span>
    </p>

    <p class='ocr_par' dir='ltr' id='par_1_18' title="bbox 169 1993 762 2052">
     <span class='ocr_line' id='line_1_27' title="bbox 169 1993 762 2052; baseline -0.008 -9"><span class='ocrx_word' id='word_1_159' title='bbox 169 1995 300 2043; x_wconf 86' lang='lat' dir='ltr'>transfossi</span> <span class='ocrx_word' id='word_1_160' title='bbox 308 1995 375 2052; x_wconf 78' lang='lat' dir='ltr'>ligno</span> <span class='ocrx_word' id='word_1_161' title='bbox 383 1995 493 2042; x_wconf 84' lang='lat' dir='ltr'>veniunt.</span> <span class='ocrx_word' id='word_1_162' title='bbox 523 1995 571 2042; x_wconf 87' lang='lat' dir='ltr'>Vix</span> <span class='ocrx_word' id='word_1_163' title='bbox 580 2009 644 2041; x_wconf 89' lang='lat' dir='ltr'>unus</span> <span class='ocrx_word' id='word_1_164' title='bbox 653 1993 762 2040; x_wconf 87' lang='lat' dir='ltr'>Helenor</span> 
     </span>
    </p>

    <p class='ocr_par' dir='ltr' id='par_1_19' title="bbox 170 2060 788 2121">
     <span class='ocr_line' id='line_1_28' title="bbox 170 2060 788 2121; baseline -0.01 -10"><span class='ocrx_word' id='word_1_165' title='bbox 170 2066 195 2112; x_wconf 88' lang='lat' dir='ltr'>et</span> <span class='ocrx_word' id='word_1_166' title='bbox 206 2065 285 2120; x_wconf 88' lang='lat' dir='ltr'>Lycus</span> <span class='ocrx_word' id='word_1_167' title='bbox 295 2064 378 2121; x_wconf 88' lang='lat' dir='ltr'>elapsi.</span> <span class='ocrx_word' id='word_1_168' title='bbox 408 2063 516 2120; x_wconf 79' lang='lat' dir='ltr'>Quorum</span> <span class='ocrx_word' id='word_1_169' title='bbox 526 2063 662 2118; x_wconf 83' lang='lat' dir='ltr'>primaevus</span> <span class='ocrx_word' id='word_1_170' title='bbox 672 2060 788 2114; x_wconf 88' lang='lat' dir='ltr'>Helenor,</span> 
     </span>
    </p>
   </div>
   <div class='ocr_carea' id='block_1_3' title="bbox 124 2129 798 2530">
    <p class='ocr_par' dir='ltr' id='par_1_20' title="bbox 170 2129 798 2393">
     <span class='ocr_line' id='line_1_29' title="bbox 170 2129 735 2189; baseline -0.011 -10"><span class='ocrx_word' id='word_1_171' title='bbox 170 2132 283 2179; x_wconf 89' lang='lat' dir='ltr'>Maeonio</span> <span class='ocrx_word' id='word_1_172' title='bbox 292 2133 344 2189; x_wconf 80' lang='lat' dir='ltr'>regi</span> <span class='ocrx_word' id='word_1_173' title='bbox 355 2146 424 2188; x_wconf 87' lang='lat' dir='ltr'>quem</span> <span class='ocrx_word' id='word_1_174' title='bbox 434 2146 505 2178; x_wconf 81' lang='lat' dir='ltr'>serva</span> <span class='ocrx_word' id='word_1_175' title='bbox 513 2130 639 2186; x_wconf 83' lang='lat' dir='ltr'>Licymnia</span> <span class='ocrx_word' id='word_1_176' title='bbox 648 2129 735 2175; x_wconf 88' lang='lat' dir='ltr'>furtim</span> 
     </span>
     <span class='ocr_line' id='line_1_30' title="bbox 171 2194 798 2255; baseline -0.014 -7"><span class='ocrx_word' id='word_1_177' title='bbox 171 2201 305 2248; x_wconf 80' lang='lat' dir='ltr'>sustulerat</span> <span class='ocrx_word' id='word_1_178' title='bbox 314 2200 445 2255; x_wconf 86' lang='lat' dir='ltr'>vetitisque</span> <span class='ocrx_word' id='word_1_179' title='bbox 455 2199 487 2245; x_wconf 92' lang='lat' dir='ltr'>ad</span> <span class='ocrx_word' id='word_1_180' title='bbox 497 2197 596 2244; x_wconf 84' lang='lat' dir='ltr'>Troiam</span> <span class='ocrx_word' id='word_1_181' title='bbox 606 2197 705 2243; x_wconf 85' lang='lat' dir='ltr'>miserat</span> <span class='ocrx_word' id='word_1_182' title='bbox 715 2194 798 2248; x_wconf 88' lang='lat' dir='ltr'>armis,</span> 
     </span>
     <span class='ocr_line' id='line_1_31' title="bbox 171 2264 719 2323; baseline -0.013 -7"><span class='ocrx_word' id='word_1_183' title='bbox 171 2285 228 2317; x_wconf 90' lang='lat' dir='ltr'>ense</span> <span class='ocrx_word' id='word_1_184' title='bbox 238 2269 296 2315; x_wconf 82' lang='lat' dir='ltr'>levis</span> <span class='ocrx_word' id='word_1_185' title='bbox 305 2269 371 2315; x_wconf 90' lang='lat' dir='ltr'>nudo</span> <span class='ocrx_word' id='word_1_186' title='bbox 381 2282 512 2323; x_wconf 86' lang='lat' dir='ltr'>parmaque</span> <span class='ocrx_word' id='word_1_187' title='bbox 521 2265 637 2322; x_wconf 83' lang='lat' dir='ltr'>inglorius</span> <span class='ocrx_word' id='word_1_188' title='bbox 648 2264 703 2311; x_wconf 86' lang='lat' dir='ltr'>alba</span> <span class='ocrx_word' id='word_1_189' title='bbox 713 2282 719 2319; x_wconf 84' lang='lat'><em>3</em></span> 
     </span>
     <span class='ocr_line' id='line_1_32' title="bbox 170 2331 741 2393; baseline -0.016 -8"><span class='ocrx_word' id='word_1_190' title='bbox 170 2338 238 2393; x_wconf 89' lang='lat' dir='ltr'>isque</span> <span class='ocrx_word' id='word_1_191' title='bbox 248 2337 290 2383; x_wconf 90' lang='lat' dir='ltr'>ubi</span> <span class='ocrx_word' id='word_1_192' title='bbox 300 2352 324 2383; x_wconf 90' lang='lat' dir='ltr'>se</span> <span class='ocrx_word' id='word_1_193' title='bbox 335 2335 414 2383; x_wconf 87' lang='lat' dir='ltr'>Turni</span> <span class='ocrx_word' id='word_1_194' title='bbox 423 2334 503 2381; x_wconf 85' lang='lat' dir='ltr'>media</span> <span class='ocrx_word' id='word_1_195' title='bbox 512 2333 577 2380; x_wconf 87' lang='lat' dir='ltr'>inter</span> <span class='ocrx_word' id='word_1_196' title='bbox 586 2333 662 2378; x_wconf 80' lang='lat' dir='ltr'>millia</span> <span class='ocrx_word' id='word_1_197' title='bbox 671 2331 741 2388; x_wconf 85' lang='lat' dir='ltr'>vidit,</span> 
     </span>
    </p>

    <p class='ocr_par' dir='ltr' id='par_1_21' title="bbox 124 2399 759 2530">
     <span class='ocr_line' id='line_1_33' title="bbox 124 2399 737 2460; baseline -0.02 -4"><span class='ocrx_word' id='word_1_198' title='bbox 124 2419 160 2456; x_wconf 85' lang='lat'>550</span> <span class='ocrx_word' id='word_1_199' title='bbox 170 2406 228 2452; x_wconf 86' lang='lat' dir='ltr'>hine</span> <span class='ocrx_word' id='word_1_200' title='bbox 237 2405 300 2452; x_wconf 83' lang='lat' dir='ltr'>acies</span> <span class='ocrx_word' id='word_1_201' title='bbox 310 2407 383 2460; x_wconf 89' lang='lat' dir='ltr'>atque</span> <span class='ocrx_word' id='word_1_202' title='bbox 392 2402 448 2450; x_wconf 88' lang='lat' dir='ltr'>hino</span> <span class='ocrx_word' id='word_1_203' title='bbox 459 2401 521 2448; x_wconf 77' lang='lat' dir='ltr'>seles</span> <span class='ocrx_word' id='word_1_204' title='bbox 531 2402 611 2447; x_wconf 85' lang='lat' dir='ltr'>astare</span> <span class='ocrx_word' id='word_1_205' title='bbox 621 2399 721 2446; x_wconf 86' lang='lat' dir='ltr'>Latinas</span> <span class='ocrx_word' id='word_1_206' title='bbox 732 2419 737 2445; x_wconf 90' lang='lat'>:</span> 
     </span>
     <span class='ocr_line' id='line_1_34' title="bbox 170 2469 759 2530; baseline -0.015 -9"><span class='ocrx_word' id='word_1_207' title='bbox 170 2476 199 2521; x_wconf 92' lang='lat' dir='ltr'>ut</span> <span class='ocrx_word' id='word_1_208' title='bbox 209 2474 271 2530; x_wconf 85' lang='lat' dir='ltr'>fera,</span> <span class='ocrx_word' id='word_1_209' title='bbox 282 2488 343 2529; x_wconf 85' lang='lat' dir='ltr'>quae</span> <span class='ocrx_word' id='word_1_210' title='bbox 353 2472 428 2519; x_wconf 90' lang='lat' dir='ltr'>densa</span> <span class='ocrx_word' id='word_1_211' title='bbox 437 2470 568 2517; x_wconf 87' lang='lat' dir='ltr'>venantum</span> <span class='ocrx_word' id='word_1_212' title='bbox 579 2469 663 2523; x_wconf 85' lang='lat' dir='ltr'>saepta</span> <span class='ocrx_word' id='word_1_213' title='bbox 672 2482 759 2513; x_wconf 82' lang='lat' dir='ltr'>corona</span> 
     </span>
    </p>
   </div>
   <div class='ocr_carea' id='block_1_4' title="bbox 219 2542 289 2592">
    <p class='ocr_par' dir='ltr' id='par_1_22' title="bbox 219 2542 289 2592">
     <span class='ocr_line' id='line_1_35' title="bbox 219 2542 289 2592; baseline -0.043 -1"><span class='ocrx_word' id='word_1_214' title='bbox 219 2542 289 2592; x_wconf 82' lang='lat'>(335)</span> 
     </span>
    </p>
   </div>
   <div class='ocr_carea' id='block_1_5' title="bbox 0 0 993 3164">
    <p class='ocr_par' dir='ltr' id='par_1_23' title="bbox 0 0 993 3164">
     <span class='ocr_line' id='line_1_36' title="bbox 0 0 993 3164; baseline 0 0"><span class='ocrx_word' id='word_1_215' title='bbox 0 0 993 3164; x_wconf 95' lang='lat' dir='ltr'> </span> 
     </span>
    </p>
   </div>
  </div>
 </body>
</html>
