<?xml version="1.0" encoding="UTF-8"?>
<!DOCTYPE html PUBLIC "-//W3C//DTD XHTML 1.0 Transitional//EN"
    "http://www.w3.org/TR/xhtml1/DTD/xhtml1-transitional.dtd">
<html xmlns="http://www.w3.org/1999/xhtml" xml:lang="en" lang="en">
 <head>
  <title>
</title>
<meta http-equiv="Content-Type" content="text/html;charset=utf-8" />
  <meta name='ocr-system' content='tesseract 3.04.00' />
  <meta name='ocr-capabilities' content='ocr_page ocr_carea ocr_par ocr_line ocrx_word'/>
</head>
<body>
  <div class='ocr_page' id='page_1' title='image "./pvergilimaronis07virggoog/pvergilimaronis07virggoog_0451.png"; bbox 0 0 1972 3164; ppageno 0'>
   <div class='ocr_carea' id='block_1_1' title="bbox 348 253 646 294">
    <p class='ocr_par' dir='ltr' id='par_1_1' title="bbox 348 253 646 294">
     <span class='ocr_line' id='line_1_1' title="bbox 348 253 646 294; baseline 0 -2"><span class='ocrx_word' id='word_1_1' title='bbox 348 255 370 294; x_wconf 90' lang='lat' dir='ltr'><strong>P.</strong></span> <span class='ocrx_word' id='word_1_2' title='bbox 383 253 503 294; x_wconf 81' lang='lat' dir='ltr'><strong>VERGILI</strong></span> <span class='ocrx_word' id='word_1_3' title='bbox 516 253 646 294; x_wconf 80' lang='lat' dir='ltr'><strong>MARONIS</strong></span> 
     </span>
    </p>
   </div>
   <div class='ocr_carea' id='block_1_2' title="bbox 112 350 844 2390">
    <p class='ocr_par' dir='ltr' id='par_1_2' title="bbox 159 350 843 545">
     <span class='ocr_line' id='line_1_2' title="bbox 160 350 758 409; baseline -0.002 -11"><span class='ocrx_word' id='word_1_4' title='bbox 160 351 304 409; x_wconf 75' lang='lat' dir='ltr'>letalemque</span> <span class='ocrx_word' id='word_1_5' title='bbox 314 367 408 409; x_wconf 80' lang='lat' dir='ltr'><strong>sonum,</strong></span> <span class='ocrx_word' id='word_1_6' title='bbox 419 368 463 400; x_wconf 92' lang='lat' dir='ltr'><strong>nec</strong></span> <span class='ocrx_word' id='word_1_7' title='bbox 472 351 562 399; x_wconf 78' lang='lat' dir='ltr'><strong>fallunt</strong></span> <span class='ocrx_word' id='word_1_8' title='bbox 572 352 638 399; x_wconf 83' lang='lat' dir='ltr'><strong>iussa</strong></span> <span class='ocrx_word' id='word_1_9' title='bbox 648 350 758 406; x_wconf 80' lang='lat' dir='ltr'><strong>superba</strong></span> 
     </span>
     <span class='ocr_line' id='line_1_3' title="bbox 159 420 821 478; baseline -0.003 -10"><span class='ocrx_word' id='word_1_10' title='bbox 159 421 307 478; x_wconf 75' lang='lat' dir='ltr'><strong>magnanimi</strong></span> <span class='ocrx_word' id='word_1_11' title='bbox 317 421 390 468; x_wconf 87' lang='lat' dir='ltr'><strong>Iovis.</strong></span> <span class='ocrx_word' id='word_1_12' title='bbox 420 421 488 468; x_wconf 82' lang='lat' dir='ltr'><strong>Haec</strong></span> <span class='ocrx_word' id='word_1_13' title='bbox 498 435 543 476; x_wconf 85' lang='lat' dir='ltr'><strong>pro</strong></span> <span class='ocrx_word' id='word_1_14' title='bbox 552 420 695 476; x_wconf 78' lang='lat' dir='ltr'><strong>virginitate</strong></span> <span class='ocrx_word' id='word_1_15' title='bbox 705 420 821 476; x_wconf 79' lang='lat' dir='ltr'><strong>reponit?</strong></span> 
     </span>
     <span class='ocr_line' id='line_1_4' title="bbox 160 488 843 545; baseline -0.001 -8"><span class='ocrx_word' id='word_1_16' title='bbox 160 491 287 545; x_wconf 83' lang='lat' dir='ltr'><strong>quovitum</strong></span> <span class='ocrx_word' id='word_1_17' title='bbox 297 490 364 537; x_wconf 88' lang='lat' dir='ltr'><strong>dedit</strong></span> <span class='ocrx_word' id='word_1_18' title='bbox 374 491 513 537; x_wconf 80' lang='lat' dir='ltr'><strong>aeternum?</strong></span> <span class='ocrx_word' id='word_1_19' title='bbox 527 504 571 536; x_wconf 89' lang='lat' dir='ltr'><strong>our</strong></span> <span class='ocrx_word' id='word_1_20' title='bbox 581 488 666 534; x_wconf 88' lang='lat' dir='ltr'><strong>mortis</strong></span> <span class='ocrx_word' id='word_1_21' title='bbox 676 488 797 544; x_wconf 79' lang='lat' dir='ltr'><strong>adempte</strong></span> <span class='ocrx_word' id='word_1_22' title='bbox 806 490 843 536; x_wconf 85' lang='lat' dir='ltr'><strong>est</strong></span> 
     </span>
    </p>

    <p class='ocr_par' dir='ltr' id='par_1_3' title="bbox 112 557 844 1022">
     <span class='ocr_line' id='line_1_5' title="bbox 112 557 663 614; baseline -0.005 -8"><span class='ocrx_word' id='word_1_23' title='bbox 112 566 149 607; x_wconf 79' lang='lat'><strong>880</strong></span> <span class='ocrx_word' id='word_1_24' title='bbox 160 558 281 606; x_wconf 80' lang='lat' dir='ltr'><strong>conditio?</strong></span> <span class='ocrx_word' id='word_1_25' title='bbox 295 573 388 614; x_wconf 86' lang='lat' dir='ltr'><strong>possem</strong></span> <span class='ocrx_word' id='word_1_26' title='bbox 398 559 480 604; x_wconf 83' lang='lat' dir='ltr'><strong>tentos</strong></span> <span class='ocrx_word' id='word_1_27' title='bbox 490 558 560 604; x_wconf 85' lang='lat' dir='ltr'><strong>finire</strong></span> <span class='ocrx_word' id='word_1_28' title='bbox 569 557 663 604; x_wconf 83' lang='lat' dir='ltr'><strong>dolores</strong></span> 
     </span>
     <span class='ocr_line' id='line_1_6' title="bbox 160 625 832 681; baseline -0.001 -8"><span class='ocrx_word' id='word_1_29' title='bbox 160 641 226 674; x_wconf 88' lang='lat' dir='ltr'><strong>nuno</strong></span> <span class='ocrx_word' id='word_1_30' title='bbox 235 627 300 673; x_wconf 86' lang='lat' dir='ltr'><strong>certe</strong></span> <span class='ocrx_word' id='word_1_31' title='bbox 309 627 334 673; x_wconf 89' lang='lat' dir='ltr'><strong>et</strong></span> <span class='ocrx_word' id='word_1_32' title='bbox 344 625 431 673; x_wconf 91' lang='lat' dir='ltr'><strong>misero</strong></span> <span class='ocrx_word' id='word_1_33' title='bbox 440 626 514 673; x_wconf 78' lang='lat' dir='ltr'><strong>fratri</strong></span> <span class='ocrx_word' id='word_1_34' title='bbox 523 640 602 674; x_wconf 87' lang='lat' dir='ltr'><strong>comes</strong></span> <span class='ocrx_word' id='word_1_35' title='bbox 611 625 647 672; x_wconf 85' lang='lat' dir='ltr'><strong>ire</strong></span> <span class='ocrx_word' id='word_1_36' title='bbox 657 641 703 681; x_wconf 86' lang='lat' dir='ltr'><strong>per</strong></span> <span class='ocrx_word' id='word_1_37' title='bbox 713 626 816 673; x_wconf 78' lang='lat' dir='ltr'><strong>umbras</strong></span> <span class='ocrx_word' id='word_1_38' title='bbox 827 629 832 672; x_wconf 91' lang='lat'>!</span> 
     </span>
     <span class='ocr_line' id='line_1_7' title="bbox 160 693 844 751; baseline 0 -10"><span class='ocrx_word' id='word_1_39' title='bbox 160 693 304 741; x_wconf 78' lang='lat' dir='ltr'><strong>immortalis</strong></span> <span class='ocrx_word' id='word_1_40' title='bbox 314 696 376 751; x_wconf 74' lang='lat' dir='ltr'><strong>ego?</strong></span> <span class='ocrx_word' id='word_1_41' title='bbox 389 696 432 740; x_wconf 80' lang='lat' dir='ltr'><strong>unt</strong></span> <span class='ocrx_word' id='word_1_42' title='bbox 441 694 569 750; x_wconf 81' lang='lat' dir='ltr'><strong>quicquum</strong></span> <span class='ocrx_word' id='word_1_43' title='bbox 578 693 638 740; x_wconf 90' lang='lat' dir='ltr'><strong>mihi</strong></span> <span class='ocrx_word' id='word_1_44' title='bbox 651 693 724 741; x_wconf 86' lang='lat' dir='ltr'><strong>dulce</strong></span> <span class='ocrx_word' id='word_1_45' title='bbox 734 709 844 741; x_wconf 88' lang='lat' dir='ltr'><strong>meorum</strong></span> 
     </span>
     <span class='ocr_line' id='line_1_8' title="bbox 161 761 781 819; baseline -0.003 -9"><span class='ocrx_word' id='word_1_46' title='bbox 161 764 186 810; x_wconf 86' lang='lat' dir='ltr'><strong>te</strong></span> <span class='ocrx_word' id='word_1_47' title='bbox 196 762 256 819; x_wconf 87' lang='lat' dir='ltr'><strong>sine,</strong></span> <span class='ocrx_word' id='word_1_48' title='bbox 267 762 353 818; x_wconf 80' lang='lat' dir='ltr'><strong>freter,</strong></span> <span class='ocrx_word' id='word_1_49' title='bbox 363 762 427 808; x_wconf 77' lang='lat' dir='ltr'><strong>erit?</strong></span> <span class='ocrx_word' id='word_1_50' title='bbox 441 777 456 808; x_wconf 94' lang='lat' dir='ltr'><strong>o</strong></span> <span class='ocrx_word' id='word_1_51' title='bbox 465 778 526 818; x_wconf 79' lang='lat' dir='ltr'><strong>quse</strong></span> <span class='ocrx_word' id='word_1_52' title='bbox 537 761 596 808; x_wconf 82' lang='lat' dir='ltr'><strong>setis</strong></span> <span class='ocrx_word' id='word_1_53' title='bbox 606 761 656 808; x_wconf 79' lang='lat' dir='ltr'><strong>ima</strong></span> <span class='ocrx_word' id='word_1_54' title='bbox 666 761 781 809; x_wconf 80' lang='lat' dir='ltr'><strong>dehiscet</strong></span> 
     </span>
     <span class='ocr_line' id='line_1_9' title="bbox 161 828 790 886; baseline -0.002 -8"><span class='ocrx_word' id='word_1_55' title='bbox 161 832 229 878; x_wconf 84' lang='lat' dir='ltr'><strong>terra</strong></span> <span class='ocrx_word' id='word_1_56' title='bbox 238 831 298 877; x_wconf 87' lang='lat' dir='ltr'><strong>mihi</strong></span> <span class='ocrx_word' id='word_1_57' title='bbox 305 831 437 886; x_wconf 80' lang='lat' dir='ltr'><strong>Manesque</strong></span> <span class='ocrx_word' id='word_1_58' title='bbox 446 830 517 877; x_wconf 77' lang='lat' dir='ltr'><strong>deam</strong></span> <span class='ocrx_word' id='word_1_59' title='bbox 527 829 642 877; x_wconf 82' lang='lat' dir='ltr'><strong>demittet</strong></span> <span class='ocrx_word' id='word_1_60' title='bbox 652 829 684 876; x_wconf 83' lang='lat' dir='ltr'><strong>ed</strong></span> <span class='ocrx_word' id='word_1_61' title='bbox 694 828 757 877; x_wconf 90' lang='lat' dir='ltr'><strong>imos</strong></span> <span class='ocrx_word' id='word_1_62' title='bbox 765 831 790 877; x_wconf 64' lang='grc' dir='ltr'><strong>θ’</strong></span> 
     </span>
     <span class='ocr_line' id='line_1_10' title="bbox 162 897 758 954; baseline 0 -10"><span class='ocrx_word' id='word_1_63' title='bbox 162 898 270 944; x_wconf 83' lang='lat' dir='ltr'><strong>&#39;I&#39;entum</strong></span> <span class='ocrx_word' id='word_1_64' title='bbox 279 899 355 945; x_wconf 78' lang='lat' dir='ltr'><strong>effata</strong></span> <span class='ocrx_word' id='word_1_65' title='bbox 364 901 438 954; x_wconf 82' lang='lat' dir='ltr'><strong>ceput</strong></span> <span class='ocrx_word' id='word_1_66' title='bbox 450 898 536 954; x_wconf 77' lang='lat' dir='ltr'><strong>glauco</strong></span> <span class='ocrx_word' id='word_1_67' title='bbox 546 897 654 946; x_wconf 82' lang='lat' dir='ltr'><strong>contexit</strong></span> <span class='ocrx_word' id='word_1_68' title='bbox 663 897 758 945; x_wconf 77' lang='lat' dir='ltr'><strong>amictu</strong></span> 
     </span>
     <span class='ocr_line' id='line_1_11' title="bbox 162 965 755 1022; baseline 0.002 -10"><span class='ocrx_word' id='word_1_69' title='bbox 162 965 240 1012; x_wconf 80' lang='lat' dir='ltr'><strong>multu</strong></span> <span class='ocrx_word' id='word_1_70' title='bbox 249 981 356 1022; x_wconf 77' lang='lat' dir='ltr'><strong>gemeus,</strong></span> <span class='ocrx_word' id='word_1_71' title='bbox 366 968 391 1012; x_wconf 93' lang='lat' dir='ltr'><strong>et</strong></span> <span class='ocrx_word' id='word_1_72' title='bbox 401 981 425 1013; x_wconf 87' lang='lat' dir='ltr'><strong>se</strong></span> <span class='ocrx_word' id='word_1_73' title='bbox 435 966 508 1013; x_wconf 89' lang='lat' dir='ltr'><strong>fluvio</strong></span> <span class='ocrx_word' id='word_1_74' title='bbox 517 967 562 1013; x_wconf 82' lang='lat' dir='ltr'><strong>deu</strong></span> <span class='ocrx_word' id='word_1_75' title='bbox 572 965 680 1014; x_wconf 85' lang='lat' dir='ltr'><strong>condidit</strong></span> <span class='ocrx_word' id='word_1_76' title='bbox 694 965 755 1013; x_wconf 81' lang='lat' dir='ltr'><strong>alto.</strong></span> 
     </span>
    </p>

    <p class='ocr_par' dir='ltr' id='par_1_4' title="bbox 161 1034 842 1286">
     <span class='ocr_line' id='line_1_12' title="bbox 190 1034 723 1089; baseline -0.002 -8"><span class='ocrx_word' id='word_1_77' title='bbox 190 1036 285 1081; x_wconf 79' lang='lat' dir='ltr'><strong>Aeneas</strong></span> <span class='ocrx_word' id='word_1_78' title='bbox 294 1034 371 1081; x_wconf 79' lang='lat' dir='ltr'><strong>instat</strong></span> <span class='ocrx_word' id='word_1_79' title='bbox 381 1035 466 1081; x_wconf 80' lang='lat' dir='ltr'><strong>contra</strong></span> <span class='ocrx_word' id='word_1_80' title='bbox 475 1034 598 1089; x_wconf 88' lang='lat' dir='ltr'><strong>telumque</strong></span> <span class='ocrx_word' id='word_1_81' title='bbox 608 1035 723 1080; x_wconf 77' lang='lat' dir='ltr'><strong>coruscat</strong></span> 
     </span>
     <span class='ocr_line' id='line_1_13' title="bbox 161 1101 746 1160; baseline -0.003 -11"><span class='ocrx_word' id='word_1_82' title='bbox 161 1102 247 1160; x_wconf 80' lang='lat' dir='ltr'><strong>ingens</strong></span> <span class='ocrx_word' id='word_1_83' title='bbox 257 1102 384 1149; x_wconf 84' lang='lat' dir='ltr'><strong>arboreum</strong></span> <span class='ocrx_word' id='word_1_84' title='bbox 394 1104 419 1149; x_wconf 89' lang='lat' dir='ltr'><strong>et</strong></span> <span class='ocrx_word' id='word_1_85' title='bbox 430 1117 501 1149; x_wconf 83' lang='lat' dir='ltr'><strong>saevo</strong></span> <span class='ocrx_word' id='word_1_86' title='bbox 510 1103 544 1149; x_wconf 90' lang='lat' dir='ltr'><strong>sie</strong></span> <span class='ocrx_word' id='word_1_87' title='bbox 554 1103 650 1158; x_wconf 77' lang='lat' dir='ltr'>pectore</span> <span class='ocrx_word' id='word_1_88' title='bbox 660 1101 746 1148; x_wconf 81' lang='lat' dir='ltr'><strong>fatur:</strong></span> 
     </span>
     <span class='ocr_line' id='line_1_14' title="bbox 163 1168 842 1228; baseline 0.001 -11"><span class='ocrx_word' id='word_1_89' title='bbox 163 1169 169 1192; x_wconf 91' lang='lat'>‘</span> <span class='ocrx_word' id='word_1_90' title='bbox 179 1172 246 1227; x_wconf 74' lang='lat' dir='ltr'><strong>Quae</strong></span> <span class='ocrx_word' id='word_1_91' title='bbox 256 1185 320 1218; x_wconf 90' lang='lat' dir='ltr'><strong>nunc</strong></span> <span class='ocrx_word' id='word_1_92' title='bbox 326 1171 411 1218; x_wconf 83' lang='lat' dir='ltr'><strong>deinde</strong></span> <span class='ocrx_word' id='word_1_93' title='bbox 417 1185 485 1218; x_wconf 79' lang='lat' dir='ltr'><strong>more</strong></span> <span class='ocrx_word' id='word_1_94' title='bbox 494 1173 549 1218; x_wconf 75' lang='lat' dir='ltr'><strong>est?</strong></span> <span class='ocrx_word' id='word_1_95' title='bbox 563 1171 607 1216; x_wconf 81' lang='lat' dir='ltr'><strong>unt</strong></span> <span class='ocrx_word' id='word_1_96' title='bbox 614 1169 671 1226; x_wconf 89' lang='lat' dir='ltr'><strong>quid</strong></span> <span class='ocrx_word' id='word_1_97' title='bbox 680 1168 740 1225; x_wconf 82' lang='lat' dir='ltr'><strong>iem,</strong></span> <span class='ocrx_word' id='word_1_98' title='bbox 749 1169 842 1228; x_wconf 81' lang='lat' dir='ltr'><strong>Turne,</strong></span> 
     </span>
     <span class='ocr_line' id='line_1_15' title="bbox 219 1240 398 1286; baseline -0.006 0"><span class='ocrx_word' id='word_1_99' title='bbox 219 1240 356 1286; x_wconf 72' lang='lat' dir='ltr'><strong>retractas?</strong></span> <span class='ocrx_word' id='word_1_100' title='bbox 394 1273 398 1276; x_wconf 81' lang='lat'><em>-</em></span> 
     </span>
    </p>

    <p class='ocr_par' dir='ltr' id='par_1_5' title="bbox 115 1306 842 1568">
     <span class='ocr_line' id='line_1_16' title="bbox 115 1306 842 1363; baseline -0.003 -7"><span class='ocrx_word' id='word_1_101' title='bbox 115 1308 152 1357; x_wconf 79' lang='lat'><strong>890</strong></span> <span class='ocrx_word' id='word_1_102' title='bbox 164 1307 220 1354; x_wconf 85' lang='lat' dir='ltr'><strong>Non</strong></span> <span class='ocrx_word' id='word_1_103' title='bbox 230 1322 311 1363; x_wconf 90' lang='lat' dir='ltr'><strong>cursu,</strong></span> <span class='ocrx_word' id='word_1_104' title='bbox 322 1306 399 1354; x_wconf 82' lang='lat' dir='ltr'><strong>saevis</strong></span> <span class='ocrx_word' id='word_1_105' title='bbox 409 1307 551 1354; x_wconf 78' lang='lat' dir='ltr'><strong>certandum</strong></span> <span class='ocrx_word' id='word_1_106' title='bbox 564 1308 601 1353; x_wconf 87' lang='lat' dir='ltr'><strong>est</strong></span> <span class='ocrx_word' id='word_1_107' title='bbox 612 1306 747 1354; x_wconf 85' lang='lat' dir='ltr'><strong>comminus</strong></span> <span class='ocrx_word' id='word_1_108' title='bbox 757 1307 842 1354; x_wconf 83' lang='lat' dir='ltr'><strong>armis.</strong></span> 
     </span>
     <span class='ocr_line' id='line_1_17' title="bbox 164 1375 800 1431; baseline 0.002 -9"><span class='ocrx_word' id='word_1_109' title='bbox 164 1375 239 1422; x_wconf 86' lang='lat' dir='ltr'><strong>Verte</strong></span> <span class='ocrx_word' id='word_1_110' title='bbox 249 1390 330 1422; x_wconf 88' lang='lat' dir='ltr'><strong>omnes</strong></span> <span class='ocrx_word' id='word_1_111' title='bbox 340 1376 391 1422; x_wconf 83' lang='lat' dir='ltr'><strong>tete</strong></span> <span class='ocrx_word' id='word_1_112' title='bbox 400 1375 426 1421; x_wconf 91' lang='lat' dir='ltr'><strong>in</strong></span> <span class='ocrx_word' id='word_1_113' title='bbox 435 1375 510 1422; x_wconf 82' lang='lat' dir='ltr'><strong>facies</strong></span> <span class='ocrx_word' id='word_1_114' title='bbox 520 1377 545 1422; x_wconf 88' lang='lat' dir='ltr'><strong>et</strong></span> <span class='ocrx_word' id='word_1_115' title='bbox 554 1375 670 1422; x_wconf 74' lang='lat' dir='ltr'><strong>contrahe</strong></span> <span class='ocrx_word' id='word_1_116' title='bbox 679 1376 800 1431; x_wconf 86' lang='lat' dir='ltr'><strong>quidquid</strong></span> 
     </span>
     <span class='ocr_line' id='line_1_18' title="bbox 163 1443 781 1500; baseline 0 -10"><span class='ocrx_word' id='word_1_117' title='bbox 163 1443 214 1490; x_wconf 87' lang='lat' dir='ltr'><strong>sive</strong></span> <span class='ocrx_word' id='word_1_118' title='bbox 223 1443 309 1490; x_wconf 76' lang='lat' dir='ltr'><strong>animis</strong></span> <span class='ocrx_word' id='word_1_119' title='bbox 319 1443 369 1490; x_wconf 90' lang='lat' dir='ltr'><strong>sive</strong></span> <span class='ocrx_word' id='word_1_120' title='bbox 378 1445 432 1490; x_wconf 83' lang='lat' dir='ltr'><strong>erte</strong></span> <span class='ocrx_word' id='word_1_121' title='bbox 442 1443 507 1490; x_wconf 83' lang='lat' dir='ltr'><strong>veles</strong></span> <span class='ocrx_word' id='word_1_122' title='bbox 518 1464 523 1491; x_wconf 73' lang='grc' dir='ltr'><strong>ι</strong></span> <span class='ocrx_word' id='word_1_123' title='bbox 538 1444 596 1499; x_wconf 74' lang='lat' dir='ltr'><strong>opta</strong></span> <span class='ocrx_word' id='word_1_124' title='bbox 605 1444 682 1490; x_wconf 80' lang='lat' dir='ltr'><strong>ardua</strong></span> <span class='ocrx_word' id='word_1_125' title='bbox 692 1445 781 1500; x_wconf 82' lang='lat' dir='ltr'><strong>pennis</strong></span> 
     </span>
     <span class='ocr_line' id='line_1_19' title="bbox 163 1511 786 1568; baseline 0.003 -10"><span class='ocrx_word' id='word_1_126' title='bbox 163 1513 232 1558; x_wconf 76' lang='lat' dir='ltr'><strong>estre</strong></span> <span class='ocrx_word' id='word_1_127' title='bbox 242 1511 315 1568; x_wconf 85' lang='lat' dir='ltr'><strong>sequi,</strong></span> <span class='ocrx_word' id='word_1_128' title='bbox 326 1511 481 1567; x_wconf 78' lang='lat' dir='ltr'><strong>clausumque</strong></span> <span class='ocrx_word' id='word_1_129' title='bbox 491 1527 550 1560; x_wconf 77' lang='lat' dir='ltr'><strong>cave</strong></span> <span class='ocrx_word' id='word_1_130' title='bbox 559 1513 584 1559; x_wconf 84' lang='lat' dir='ltr'><strong>te</strong></span> <span class='ocrx_word' id='word_1_131' title='bbox 595 1513 697 1560; x_wconf 86' lang='lat' dir='ltr'><strong>condere</strong></span> <span class='ocrx_word' id='word_1_132' title='bbox 706 1515 786 1560; x_wconf 78' lang='lat' dir='ltr'><strong>terra.</strong></span> 
     </span>
    </p>

    <p class='ocr_par' dir='ltr' id='par_1_6' title="bbox 163 1580 842 1908">
     <span class='ocr_line' id='line_1_20' title="bbox 164 1580 816 1636; baseline 0.002 -10"><span class='ocrx_word' id='word_1_133' title='bbox 164 1580 210 1627; x_wconf 88' lang='lat' dir='ltr'><strong>Ille</strong></span> <span class='ocrx_word' id='word_1_134' title='bbox 220 1582 294 1636; x_wconf 80' lang='lat' dir='ltr'><strong>caput</strong></span> <span class='ocrx_word' id='word_1_135' title='bbox 304 1595 419 1636; x_wconf 80' lang='lat' dir='ltr'><strong>quassans</strong></span> <span class='ocrx_word' id='word_1_136' title='bbox 431 1580 503 1628; x_wconf 86' lang='lat' dir='ltr'><strong>‘Nou</strong></span> <span class='ocrx_word' id='word_1_137' title='bbox 513 1595 551 1627; x_wconf 88' lang='lat' dir='ltr'><strong>me</strong></span> <span class='ocrx_word' id='word_1_138' title='bbox 560 1581 605 1628; x_wconf 80' lang='lat' dir='ltr'><strong>tue</strong></span> <span class='ocrx_word' id='word_1_139' title='bbox 613 1581 709 1628; x_wconf 70' lang='lat' dir='ltr'><strong>fervida</strong></span> <span class='ocrx_word' id='word_1_140' title='bbox 717 1582 816 1628; x_wconf 83' lang='lat' dir='ltr'><strong>terrent</strong></span> 
     </span>
     <span class='ocr_line' id='line_1_21' title="bbox 164 1648 786 1705; baseline 0.005 -11"><span class='ocrx_word' id='word_1_141' title='bbox 164 1648 237 1704; x_wconf 78' lang='lat' dir='ltr'><strong>dictu,</strong></span> <span class='ocrx_word' id='word_1_142' title='bbox 248 1649 317 1694; x_wconf 85' lang='lat' dir='ltr'><strong>ferox</strong></span> <span class='ocrx_word' id='word_1_143' title='bbox 327 1669 332 1694; x_wconf 90' lang='lat'>:</span> <span class='ocrx_word' id='word_1_144' title='bbox 347 1648 371 1694; x_wconf 89' lang='lat' dir='ltr'><strong>di</strong></span> <span class='ocrx_word' id='word_1_145' title='bbox 381 1663 420 1694; x_wconf 90' lang='lat' dir='ltr'><strong>me</strong></span> <span class='ocrx_word' id='word_1_146' title='bbox 429 1650 523 1696; x_wconf 87' lang='lat' dir='ltr'><strong>terrent</strong></span> <span class='ocrx_word' id='word_1_147' title='bbox 533 1651 558 1695; x_wconf 92' lang='lat' dir='ltr'><strong>et</strong></span> <span class='ocrx_word' id='word_1_148' title='bbox 567 1648 679 1705; x_wconf 83' lang='lat' dir='ltr'><strong>Iuppiter</strong></span> <span class='ocrx_word' id='word_1_149' title='bbox 688 1649 786 1696; x_wconf 84' lang='lat' dir='ltr'><strong>hostis.&#39;</strong></span> 
     </span>
     <span class='ocr_line' id='line_1_22' title="bbox 164 1716 771 1774; baseline 0.002 -11"><span class='ocrx_word' id='word_1_150' title='bbox 164 1716 216 1763; x_wconf 89' lang='lat' dir='ltr'><strong>Nec</strong></span> <span class='ocrx_word' id='word_1_151' title='bbox 227 1716 299 1772; x_wconf 75' lang='lat' dir='ltr'><strong>plura</strong></span> <span class='ocrx_word' id='word_1_152' title='bbox 309 1717 397 1762; x_wconf 79' lang='lat' dir='ltr'><strong>effatus</strong></span> <span class='ocrx_word' id='word_1_153' title='bbox 408 1732 493 1763; x_wconf 80' lang='lat' dir='ltr'><strong>saxum</strong></span> <span class='ocrx_word' id='word_1_154' title='bbox 503 1717 665 1772; x_wconf 77' lang='lat' dir='ltr'><strong>circumspicit</strong></span> <span class='ocrx_word' id='word_1_155' title='bbox 675 1717 771 1774; x_wconf 76' lang='lat' dir='ltr'><strong>ingens,</strong></span> 
     </span>
     <span class='ocr_line' id='line_1_23' title="bbox 164 1784 842 1842; baseline 0.003 -12"><span class='ocrx_word' id='word_1_156' title='bbox 164 1799 250 1830; x_wconf 83' lang='lat' dir='ltr'><strong>sexum</strong></span> <span class='ocrx_word' id='word_1_157' title='bbox 260 1784 386 1840; x_wconf 81' lang='lat' dir='ltr'><strong>antiquum</strong></span> <span class='ocrx_word' id='word_1_158' title='bbox 396 1785 490 1842; x_wconf 80' lang='lat' dir='ltr'><strong>ingens,</strong></span> <span class='ocrx_word' id='word_1_159' title='bbox 498 1801 581 1840; x_wconf 80' lang='lat' dir='ltr'><strong>cumpo</strong></span> <span class='ocrx_word' id='word_1_160' title='bbox 588 1786 652 1841; x_wconf 89' lang='lat' dir='ltr'><strong>quod</strong></span> <span class='ocrx_word' id='word_1_161' title='bbox 661 1786 728 1832; x_wconf 84' lang='lat' dir='ltr'><strong>forte</strong></span> <span class='ocrx_word' id='word_1_162' title='bbox 737 1785 842 1841; x_wconf 73' lang='lat' dir='ltr'><strong>iacebat,</strong></span> 
     </span>
     <span class='ocr_line' id='line_1_24' title="bbox 163 1851 775 1908; baseline 0.005 -11"><span class='ocrx_word' id='word_1_163' title='bbox 163 1851 232 1898; x_wconf 89' lang='lat' dir='ltr'><strong>limes</strong></span> <span class='ocrx_word' id='word_1_164' title='bbox 243 1867 302 1906; x_wconf 74' lang='lat' dir='ltr'><strong>egro</strong></span> <span class='ocrx_word' id='word_1_165' title='bbox 312 1851 413 1908; x_wconf 83' lang='lat' dir='ltr'><strong>positus,</strong></span> <span class='ocrx_word' id='word_1_166' title='bbox 425 1852 493 1899; x_wconf 88' lang='lat' dir='ltr'><strong>litem</strong></span> <span class='ocrx_word' id='word_1_167' title='bbox 503 1855 531 1899; x_wconf 90' lang='lat' dir='ltr'><strong>ut</strong></span> <span class='ocrx_word' id='word_1_168' title='bbox 542 1854 689 1900; x_wconf 86' lang='lat' dir='ltr'><strong>discerneret</strong></span> <span class='ocrx_word' id='word_1_169' title='bbox 699 1854 775 1901; x_wconf 83' lang='lat' dir='ltr'><strong>ervis.</strong></span> 
     </span>
    </p>

    <p class='ocr_par' dir='ltr' id='par_1_7' title="bbox 165 1918 674 1977">
     <span class='ocr_line' id='line_1_25' title="bbox 165 1918 674 1977; baseline 0.004 -10"><span class='ocrx_word' id='word_1_170' title='bbox 165 1919 214 1967; x_wconf 86' lang='lat' dir='ltr'><strong>Vix</strong></span> <span class='ocrx_word' id='word_1_171' title='bbox 222 1918 283 1965; x_wconf 86' lang='lat' dir='ltr'><strong>illud</strong></span> <span class='ocrx_word' id='word_1_172' title='bbox 292 1919 350 1965; x_wconf 86' lang='lat' dir='ltr'><strong>lecti</strong></span> <span class='ocrx_word' id='word_1_173' title='bbox 359 1919 382 1964; x_wconf 70' lang='lat' dir='ltr'><strong>k·</strong></span> <span class='ocrx_word' id='word_1_174' title='bbox 405 1945 448 1966; x_wconf 59' lang='lat' dir='ltr'><strong>„os</strong></span> <span class='ocrx_word' id='word_1_175' title='bbox 455 1921 548 1969; x_wconf 88' lang='lat' dir='ltr'><strong>cervice</strong></span> <span class='ocrx_word' id='word_1_176' title='bbox 558 1922 674 1977; x_wconf 86' lang='lat' dir='ltr'><strong>subirent,</strong></span> 
     </span>
    </p>

    <p class='ocr_par' dir='ltr' id='par_1_8' title="bbox 116 1987 786 2174">
     <span class='ocr_line' id='line_1_26' title="bbox 116 1987 786 2045; baseline -0.003 -7"><span class='ocrx_word' id='word_1_177' title='bbox 116 2001 153 2038; x_wconf 87' lang='lat'><strong>9⁰0</strong></span> <span class='ocrx_word' id='word_1_178' title='bbox 165 1987 246 2045; x_wconf 75' lang='lat' dir='ltr'><strong>qualia</strong></span> <span class='ocrx_word' id='word_1_179' title='bbox 255 2003 319 2034; x_wconf 91' lang='lat' dir='ltr'><strong>nunc</strong></span> <span class='ocrx_word' id='word_1_180' title='bbox 328 1987 453 2034; x_wconf 90' lang='lat' dir='ltr'><strong>hominum</strong></span> <span class='ocrx_word' id='word_1_181' title='bbox 463 1990 574 2043; x_wconf 79' lang='lat' dir='ltr'><strong>producit</strong></span> <span class='ocrx_word' id='word_1_182' title='bbox 584 2006 684 2045; x_wconf 84' lang='lat' dir='ltr'><strong>corpora</strong></span> <span class='ocrx_word' id='word_1_183' title='bbox 693 1991 769 2037; x_wconf 88' lang='lat' dir='ltr'><strong>tellus</strong></span> <span class='ocrx_word' id='word_1_184' title='bbox 780 2012 786 2037; x_wconf 73' lang='lat' dir='ltr'><strong><em>z</em></strong></span> 
     </span>
     <span class='ocr_line' id='line_1_27' title="bbox 163 2057 780 2117; baseline 0 -12"><span class='ocrx_word' id='word_1_185' title='bbox 163 2057 204 2106; x_wconf 86' lang='lat' dir='ltr'><strong>ilie</strong></span> <span class='ocrx_word' id='word_1_186' title='bbox 214 2073 289 2117; x_wconf 69' lang='lat' dir='ltr'><strong>menn</strong></span> <span class='ocrx_word' id='word_1_187' title='bbox 297 2057 396 2112; x_wconf 82' lang='lat' dir='ltr'><strong>raptum</strong></span> <span class='ocrx_word' id='word_1_188' title='bbox 405 2057 502 2112; x_wconf 81' lang='lat' dir='ltr'><strong>trepido</strong></span> <span class='ocrx_word' id='word_1_189' title='bbox 511 2058 639 2114; x_wconf 77' lang='lat' dir='ltr'><strong>torquebat</strong></span> <span class='ocrx_word' id='word_1_190' title='bbox 647 2058 673 2104; x_wconf 92' lang='lat' dir='ltr'><strong>in</strong></span> <span class='ocrx_word' id='word_1_191' title='bbox 683 2059 780 2106; x_wconf 79' lang='lat' dir='ltr'><strong>hostem</strong></span> 
     </span>
     <span class='ocr_line' id='line_1_28' title="bbox 164 2126 698 2174; baseline 0 0"><span class='ocrx_word' id='word_1_192' title='bbox 164 2128 237 2174; x_wconf 81' lang='lat' dir='ltr'><strong>altior</strong></span> <span class='ocrx_word' id='word_1_193' title='bbox 246 2126 373 2174; x_wconf 69' lang='lat' dir='ltr'><strong>insui-nens</strong></span> <span class='ocrx_word' id='word_1_194' title='bbox 383 2128 408 2172; x_wconf 91' lang='lat' dir='ltr'><strong>et</strong></span> <span class='ocrx_word' id='word_1_195' title='bbox 418 2141 491 2173; x_wconf 88' lang='lat' dir='ltr'><strong>cursu</strong></span> <span class='ocrx_word' id='word_1_196' title='bbox 501 2127 609 2174; x_wconf 88' lang='lat' dir='ltr'><strong>concitus</strong></span> <span class='ocrx_word' id='word_1_197' title='bbox 618 2127 698 2174; x_wconf 86' lang='lat' dir='ltr'><strong>heros.</strong></span> 
     </span>
    </p>

    <p class='ocr_par' dir='ltr' id='par_1_9' title="bbox 165 2195 822 2390">
     <span class='ocr_line' id='line_1_29' title="bbox 165 2195 785 2253; baseline 0 -11"><span class='ocrx_word' id='word_1_198' title='bbox 165 2195 212 2242; x_wconf 84' lang='lat' dir='ltr'><strong>Sed</strong></span> <span class='ocrx_word' id='word_1_199' title='bbox 222 2211 298 2252; x_wconf 82' lang='lat' dir='ltr'><strong>neque</strong></span> <span class='ocrx_word' id='word_1_200' title='bbox 308 2197 444 2243; x_wconf 70' lang='lat' dir='ltr'><strong>currentem</strong></span> <span class='ocrx_word' id='word_1_201' title='bbox 455 2210 479 2241; x_wconf 87' lang='lat' dir='ltr'><strong>se</strong></span> <span class='ocrx_word' id='word_1_202' title='bbox 490 2210 534 2242; x_wconf 90' lang='lat' dir='ltr'><strong>nec</strong></span> <span class='ocrx_word' id='word_1_203' title='bbox 544 2195 665 2252; x_wconf 74' lang='lat' dir='ltr'><strong>cognoscit</strong></span> <span class='ocrx_word' id='word_1_204' title='bbox 675 2197 785 2253; x_wconf 89' lang='lat' dir='ltr'><strong>euntem,</strong></span> 
     </span>
     <span class='ocr_line' id='line_1_30' title="bbox 165 2263 822 2320; baseline 0 -10"><span class='ocrx_word' id='word_1_205' title='bbox 165 2265 320 2311; x_wconf 80' lang='lat' dir='ltr'><strong>tollentemve</strong></span> <span class='ocrx_word' id='word_1_206' title='bbox 330 2279 416 2310; x_wconf 79' lang='lat' dir='ltr'><strong>manns</strong></span> <span class='ocrx_word' id='word_1_207' title='bbox 427 2278 540 2310; x_wconf 83' lang='lat' dir='ltr'><strong>saxumve</strong></span> <span class='ocrx_word' id='word_1_208' title='bbox 551 2263 654 2310; x_wconf 85' lang='lat' dir='ltr'><strong>immune</strong></span> <span class='ocrx_word' id='word_1_209' title='bbox 664 2266 806 2315; x_wconf 61' lang='lat' dir='ltr'><strong>moventem</strong></span> <span class='ocrx_word' id='word_1_210' title='bbox 817 2283 822 2320; x_wconf 88' lang='lat'>;</span> 
     </span>
     <span class='ocr_line' id='line_1_31' title="bbox 166 2332 804 2390; baseline 0.002 -12"><span class='ocrx_word' id='word_1_211' title='bbox 166 2347 245 2390; x_wconf 84' lang='lat' dir='ltr'><strong>genua</strong></span> <span class='ocrx_word' id='word_1_212' title='bbox 253 2332 347 2388; x_wconf 80' lang='lat' dir='ltr'><strong>labant,</strong></span> <span class='ocrx_word' id='word_1_213' title='bbox 358 2332 451 2387; x_wconf 76' lang='lat' dir='ltr'><strong>gelidus</strong></span> <span class='ocrx_word' id='word_1_214' title='bbox 462 2332 583 2379; x_wconf 79' lang='lat' dir='ltr'><strong>concrevit</strong></span> <span class='ocrx_word' id='word_1_215' title='bbox 593 2332 683 2388; x_wconf 79' lang='lat' dir='ltr'><strong>frigore</strong></span> <span class='ocrx_word' id='word_1_216' title='bbox 694 2332 804 2389; x_wconf 81' lang='lat' dir='ltr'><strong>sanguis.</strong></span> 
     </span>
    </p>
   </div>
   <div class='ocr_carea' id='block_1_3' title="bbox 165 2400 876 2653">
    <p class='ocr_par' dir='ltr' id='par_1_10' title="bbox 166 2400 876 2470">
     <span class='ocr_line' id='line_1_32' title="bbox 166 2400 876 2470; baseline -0.001 -25"><span class='ocrx_word' id='word_1_217' title='bbox 166 2400 300 2455; x_wconf 82' lang='lat' dir='ltr'><strong>&#39;I&#39;nmlepis</strong></span> <span class='ocrx_word' id='word_1_218' title='bbox 311 2400 360 2456; x_wconf 89' lang='lat' dir='ltr'><strong>ipse</strong></span> <span class='ocrx_word' id='word_1_219' title='bbox 371 2400 424 2456; x_wconf 86' lang='lat' dir='ltr'><strong>viri,</strong></span> <span class='ocrx_word' id='word_1_220' title='bbox 435 2415 539 2447; x_wconf 75' lang='lat' dir='ltr'><strong>vacnum</strong></span> <span class='ocrx_word' id='word_1_221' title='bbox 549 2400 691 2455; x_wconf 79' lang='lat' dir='ltr'><strong>perinane.</strong></span> <span class='ocrx_word' id='word_1_222' title='bbox 719 2403 736 2455; x_wconf 35' lang='grc' dir='ltr'><strong>,ξ’</strong></span> <span class='ocrx_word' id='word_1_223' title='bbox 765 2423 817 2470; x_wconf 58' lang='lat' dir='ltr'><strong>m,</strong></span> <span class='ocrx_word' id='word_1_224' title='bbox 850 2406 876 2456; x_wconf 63' lang='grc'><strong>’1,</strong></span> 
     </span>
    </p>

    <p class='ocr_par' dir='ltr' id='par_1_11' title="bbox 165 2468 866 2530">
     <span class='ocr_line' id='line_1_33' title="bbox 165 2468 866 2530; baseline 0 -17"><span class='ocrx_word' id='word_1_225' title='bbox 165 2483 209 2514; x_wconf 87' lang='lat' dir='ltr'><strong>neo</strong></span> <span class='ocrx_word' id='word_1_226' title='bbox 219 2469 324 2522; x_wconf 80' lang='lat' dir='ltr'><strong>spatium</strong></span> <span class='ocrx_word' id='word_1_227' title='bbox 335 2469 411 2515; x_wconf 78' lang='lat' dir='ltr'><strong>evasit</strong></span> <span class='ocrx_word' id='word_1_228' title='bbox 421 2469 500 2515; x_wconf 90' lang='lat' dir='ltr'><strong>totum</strong></span> <span class='ocrx_word' id='word_1_229' title='bbox 511 2483 586 2524; x_wconf 84' lang='lat' dir='ltr'><strong>neque</strong></span> <span class='ocrx_word' id='word_1_230' title='bbox 596 2468 698 2523; x_wconf 83' lang='lat' dir='ltr'><strong>pertulit</strong></span> <span class='ocrx_word' id='word_1_231' title='bbox 708 2479 740 2521; x_wconf 64' lang='lat' dir='ltr'><strong>nt·</strong></span> <span class='ocrx_word' id='word_1_232' title='bbox 749 2480 842 2530; x_wconf 39' lang='grc' dir='ltr'><strong>φωρ</strong></span> <span class='ocrx_word' id='word_1_233' title='bbox 856 2479 866 2522; x_wconf 60' lang='grc' dir='ltr'><strong>ὲ,</strong></span> 
     </span>
    </p>

    <p class='ocr_par' dir='ltr' id='par_1_12' title="bbox 165 2535 868 2653">
     <span class='ocr_line' id='line_1_34' title="bbox 165 2535 868 2652; baseline 0 -71"><span class='ocrx_word' id='word_1_234' title='bbox 165 2535 201 2582; x_wconf 87' lang='lat' dir='ltr'><strong>Ao</strong></span> <span class='ocrx_word' id='word_1_235' title='bbox 211 2535 313 2652; x_wconf 38' lang='lat' dir='ltr'><strong>velutin</strong></span> <span class='ocrx_word' id='word_1_236' title='bbox 322 2537 420 2591; x_wconf 87' lang='lat' dir='ltr'><strong>somnis,</strong></span> <span class='ocrx_word' id='word_1_237' title='bbox 431 2536 511 2583; x_wconf 87' lang='lat' dir='ltr'><strong>oculos</strong></span> <span class='ocrx_word' id='word_1_238' title='bbox 520 2537 562 2583; x_wconf 91' lang='lat' dir='ltr'><strong>ubi</strong></span> <span class='ocrx_word' id='word_1_239' title='bbox 571 2535 685 2592; x_wconf 74' lang='lat' dir='ltr'><strong>languida</strong></span> <span class='ocrx_word' id='word_1_240' title='bbox 695 2536 787 2590; x_wconf 84' lang='lat' dir='ltr'><strong>pressit</strong></span> <span class='ocrx_word' id='word_1_241' title='bbox 854 2559 868 2615; x_wconf 69' lang='lat'><strong>3¹</strong></span> 
     </span>
     <span class='ocr_line' id='line_1_35' title="bbox 230 2617 265 2653; baseline -0.057 0"><span class='ocrx_word' id='word_1_242' title='bbox 230 2617 265 2653; x_wconf 81' lang='lat'><strong>432</strong></span> 
     </span>
    </p>
   </div>
   <div class='ocr_carea' id='block_1_4' title="bbox 0 0 1002 3164">
    <p class='ocr_par' dir='ltr' id='par_1_13' title="bbox 0 0 1002 3164">
     <span class='ocr_line' id='line_1_36' title="bbox 0 0 1002 3164; baseline 0 0"><span class='ocrx_word' id='word_1_243' title='bbox 0 0 1002 3164; x_wconf 95' lang='lat' dir='ltr'><strong> </strong></span> 
     </span>
    </p>
   </div>
  </div>
 </body>
</html>
