1972 3164
420 155 531 196 annale.
556 157 600 196 XII

123 259 161 306 650
201 248 248 296 Vix
257 264 286 296 on
296 249 363 297 fatus
374 252 441 298 erat:
456 252 546 299 medios
556 252 624 300 volat
633 268 687 301 ecce
697 268 740 309 per
748 253 829 303 hostes

170 320 255 365 vectus
265 333 325 373 equo
334 322 462 374 spumante
473 321 554 377 Saces,
565 320 667 368 adversa
676 322 768 377 sagitta

169 386 266 433 sancius
276 401 327 444 ora,
337 388 433 443 ruitque
443 389 574 445 implorans
583 389 679 436 nomine
688 391 813 437 Turnnmz

171 454 178 474 ‘
187 454 277 511 Turne,
287 454 313 500 in
323 457 348 502 te
359 471 471 511 suprema
480 457 560 504 salus:
576 457 688 504 miserere
698 459 805 504 tuorum.

171 522 297 569 Fulminat
307 523 402 572 Aeneas
412 525 495 582 armis,
506 540 659 580 summasque
668 525 778 572 minatur

170 591 321 638 deiecturum
332 608 398 639 arces
409 592 500 639 Italum
510 594 647 649 excidioque
657 595 786 650 daturum3

169 659 265 715 iamque
275 660 341 707 faces
351 661 382 707 ad
390 663 456 709 tecta
465 663 556 709 volant.
580 663 616 708 .In
625 665 650 710 te
660 678 703 710 ora
713 663 803 720 Latini,

169 728 196 774 in
206 730 231 774 te
241 727 321 775 oculos
331 729 455 786 reieruut;
470 733 563 777 mussat
572 745 615 776 rex
624 731 675 786 ipse
685 732 797 788 Latinus,

170 811 230 850 quos
240 812 340 852 generos
350 800 420 844 vocet
429 800 472 845 aut
481 814 542 854 quae
551 815 602 846 sese
612 800 643 846 ad
650 800 748 847 foedera
753 801 845 849 flectat.

171 863 302 912 Praeterea
311 866 403 923 regina,
414 867 451 913 tui
460 867 582 924 fidissima,
593 868 680 915 dextra

123 938 161 977 660
170 932 256 993 occidit
266 934 319 989 ipsa
329 950 374 981 sua
383 934 506 990 lucemque
515 936 633 982 exterrita
642 937 715 992 fugit.

169 1000 219 1048 Soli
228 1018 273 1058 pro
282 1004 359 1058 portis
369 1004 495 1060 Messapus
505 1005 530 1051 et
540 1020 596 1051 acer
604 1004 692 1050 Atinas

168 1072 308 1118 sustentant
315 1072 398 1119 aciem.
429 1072 526 1119 Circum
533 1071 847 1128 hosutrimquophaiangos

168 1140 236 1184 stant
246 1139 342 1195 densae,
353 1140 491 1194 strictisque
502 1154 568 1194 seges
578 1138 732 1184 mucronibus
740 1139 824 1186 horret

167 1205 262 1252 teneo:
277 1208 307 1252 tu
316 1222 415 1253 currum
424 1207 519 1252 deserto
527 1205 554 1250 in
563 1205 672 1260 gramine
681 1207 780 1252 versas?

169 1273 304 1328 Obstupuit
313 1274 383 1319 varia
392 1272 506 1319 confusus
516 1271 620 1326 imagine
629 1287 710 1318 rerum

170 1341 269 1387 Turnus
279 1343 304 1387 et
314 1341 403 1387 obtutu
412 1339 487 1386 tacito
496 1340 572 1385 stetit.
602 1340 706 1386 Aestuat
715 1340 801 1398 ingens

170 1422 220 1454 uno
228 1408 255 1454 in
265 1409 334 1456 eorde
344 1408 423 1463 pudor
432 1407 553 1463 mixtoque
563 1406 658 1454 insania
666 1408 736 1456 luctu

171 1478 196 1523 et
206 1476 276 1523 furiis
286 1476 394 1533 agitatus
404 1490 472 1522 amor
481 1476 506 1522 et
516 1475 610 1522 conscie
619 1477 705 1524 virtus.

171 1546 207 1593 Ut
217 1545 322 1601 primum
333 1545 453 1592 discussae
463 1544 563 1591 umbrae
571 1546 595 1591 et
605 1544 648 1591 lux
657 1545 752 1592 reddita
762 1547 845 1602 menti,

122 1624 160 1671 670
170 1614 283 1662 ardentes
293 1614 416 1661 oculorum
426 1613 494 1659 orbes
504 1614 535 1659 ad
545 1613 640 1659 moenia
649 1615 721 1660 torsit

170 1683 292 1740 turbidus,
302 1698 361 1738 eque
371 1681 430 1728 rotis
440 1698 552 1738 magnam
563 1682 668 1738 respexit
678 1684 710 1730 ad
720 1682 813 1730 urbem.

170 1752 234 1799 Ecce
244 1753 325 1798 autem
336 1751 437 1798 flammis
447 1751 512 1798 inter
521 1751 632 1798 tabulata
643 1752 740 1799 volutus

170 1821 202 1866 ad
211 1820 304 1866 caelum
313 1819 422 1867 undabat
431 1823 515 1868 vertex
525 1819 660 1876 tmuimqne
670 1822 778 1880 tenebat,

169 1889 265 1946 turrim,
277 1889 407 1945 compactis
417 1889 526 1936 trabibus
536 1905 609 1945 quam
619 1891 735 1937 eduxerat
745 1891 797 1947 ipse

168 1957 354 2013 subdideramus
365 1959 432 2004 rotas
441 1960 573 2013 pontesque
583 1958 732 2004 instraverat
742 1959 813 2005 altos.

169 2024 175 2045 ‘
186 2027 239 2072 Iam
248 2026 297 2072 iam
306 2027 369 2082 fata,
380 2041 455 2082 soror,
466 2028 583 2081 superant
592 2044 598 2081 3
614 2027 704 2071 absiste
713 2025 818 2096 morari3

169 2106 216 2145 qno
225 2093 283 2138 deus
293 2096 318 2139 et
328 2106 375 2146 qno
385 2092 447 2136 dura
455 2094 526 2138 vocat
535 2091 655 2153 Fortuna,
666 2105 801 2144 sequamur.

170 2157 226 2202 Stat
236 2159 345 2205 conferre
354 2171 454 2201 manum
463 2157 567 2212 Aeneae,
578 2159 629 2202 stat
638 2156 753 2211 quidquid
766 2159 847 2205 acerbi

227 2226 263 2270 ost

170 2296 248 2341 morte
258 2291 310 2347 pati
319 2310 325 2348 ;
341 2303 417 2344 neque
426 2304 464 2336 me
473 2291 617 2346 indecorem,
626 2304 750 2347 germana,
756 2291 847 2338 videbis

123 2373 160 2411 680
170 2361 282 2418 amplius.
312 2360 450 2414 Hune‚oro,
458 2358 508 2406 sine
518 2375 556 2407 me
565 2359 647 2406 furere
657 2359 714 2405 ante
721 2358 850 2408 furorem*

171 2431 249 2486 Dixit,
260 2434 307 2478 eto
318 2444 392 2477 curru
402 2427 491 2475 saltum
501 2428 567 2476 dedit
577 2427 642 2476 ocius
652 2425 724 2483 arvis,

218 2501 288 2550 (425)
486 2507 519 2548 03
