1972 3164
447 167 469 204 Ρ.
482 166 602 206 VERGILI
614 167 743 207 MARONIS

257 262 352 319 ignotas
362 264 483 319 temptare
493 263 563 311 vias?
577 279 624 320 quo
632 265 751 312 tenditis?
761 264 768 285 '
783 263 874 321 inquit.

259 331 321 388 ‘Qui
336 333 430 387 genus?
445 331 509 379 unde
524 332 611 380 domo?
625 347 741 388 pacemne
755 332 805 382 huo
818 334 891 381 fertis
904 351 934 382 an

313 403 399 447 arma?
408 399 413 420 ’

259 469 323 515 Tum
333 470 404 525 pater
413 468 508 516 Aeneas
519 469 595 525 puppi
604 469 638 517 sic
647 469 716 516 fatur
725 469 757 516 ab
767 470 828 528 alta,

258 537 425 593 paciferaeque
435 553 511 584 manu
520 553 615 585 ramum
625 538 765 594 praetendit
775 538 870 588 olivae:

259 606 266 627 ‘
276 606 424 662 Troiugenas
435 621 463 652 ao
472 605 523 652 tela
532 605 599 653 vides
608 605 707 653 inimica
716 606 822 664 Latinis,

259 690 318 730 quos
328 674 363 720 illi
373 674 435 722 bello
444 673 560 730 profugos
569 689 641 732 egere
651 674 764 731 superbo.

260 742 403 789 Evandrum
413 742 526 798 petimus.
556 742 630 790 Ferte
638 743 698 790 haec
708 745 734 791 et
743 743 818 791 dicite
827 743 904 792 lectos

211 831 248 858 120
260 810 399 858 Dardaniae
409 810 501 857 venisse
511 810 583 858 duces
593 810 657 858 socia
666 826 735 858 arma
743 813 880 869 rogantes)

260 879 393 934 Obstupuit
402 881 473 926 tanto
483 894 611 934 percussus
620 880 716 927 nomine
726 880 810 928 Pallas
819 901 825 928 ε

260 948 397 1004 ‘Egredere
405 948 607 1003 oquicumquees'
614 948 662 995 ait‘
673 964 802 1005 coramque
808 952 933 1006 parentem

258 1017 379 1072 alloquere
390 1032 418 1064 ac
427 1016 516 1063 nostris
526 1017 625 1064 succede
635 1017 764 1073 penatibus
773 1017 863 1074 hospes
872 1019 894 1076 ;’

258 1086 398 1141 excepimue
408 1101 483 1132 manu
492 1085 648 1141 dextramque
658 1085 784 1141 amplexus
793 1085 907 1134 inhaesit.

259 1154 380 1212 progressi
390 1153 495 1200 subeunt
504 1153 559 1200 luco
569 1153 715 1209 fluviumque
724 1153 878 1209 relinquunt.

288 1223 350 1269 [l'um
360 1238 441 1278 regem
456 1221 548 1269 Aeneas
559 1221 629 1269 dictis
639 1222 731 1268 affatur
740 1222 826 1269 amieis
837 1242 843 1270 ε

260 1291 372 1347 ‘Optime
383 1291 559 1348 Graiugenum,
569 1290 609 1337 cui
618 1305 656 1337 me
666 1289 780 1338 Fortuna
789 1291 886 1346 precari

259 1361 285 1406 et
294 1360 359 1406 vitta
368 1362 476 1415 comptos
486 1359 563 1406 voluit
573 1359 731 1414 praetendere
740 1374 832 1416 ramos,

181 1487 183 1490 y
259 1442 308 1474 non
328 1429 436 1484 equidem
455 1426 565 1483 extimui,
583 1425 698 1473 Danaum
717 1427 781 1482 quod
801 1426 889 1475 ductor
908 1429 932 1474 et

315 1497 392 1544 Arcas

212 1585 249 1623 130
260 1565 368 1621 quodque
378 1580 393 1611 a
402 1564 478 1620 stirpe
487 1564 551 1610 fores
560 1562 662 1619 geminis
672 1562 817 1610 coniunctus
827 1563 919 1610 Atridis
924 1581 931 1619 ;

260 1634 302 1681 aed
315 1649 369 1680 mea
379 1648 416 1680 me
425 1632 504 1680 virtus
515 1634 540 1679 et
550 1633 636 1678 saneta
645 1631 744 1679 oracula
753 1631 839 1678 divum

260 1701 402 1757 cognatique
412 1704 503 1758 patres,
514 1703 559 1746 tua
568 1700 641 1747 terris
651 1700 728 1746 didita
737 1699 814 1756 fama,

260 1770 403 1817 coniunxere
413 1769 458 1815 tibi
468 1770 494 1815 et
504 1768 563 1815 fatie
573 1783 643 1825 egere
653 1767 782 1815 volentem.

259 1837 398 1893 Dardanus,
409 1837 498 1884 Iliacae
508 1836 600 1892 primus
610 1837 681 1892 pater
690 1835 759 1882 urbis
769 1836 795 1883 et
805 1838 902 1894 auctor,

260 1906 367 1961 Electra,
378 1907 406 1950 ut
417 1905 486 1952 Graii
495 1905 630 1961 perhibent,
641 1904 768 1951 Atlantide
778 1907 870 1962 cretus,

260 1972 387 2021 advehitur
397 1973 503 2019 Teucros
512 1991 519 2029 ;
534 1973 658 2019 Electram
668 1972 788 2019 maximus
798 1973 873 2020 Atlas

259 2042 342 2098 edidit,
354 2041 473 2088 aetherios
483 2055 567 2087 umero
577 2040 618 2096 qui
628 2040 731 2087 sustinet
742 2040 821 2088 orbes.

259 2110 333 2159 Vobis
344 2110 480 2157 Mercurius
491 2110 561 2164 pater
570 2109 616 2165 est,
627 2122 696 2163 quem
707 2108 812 2154 candida
821 2109 891 2154 Maia

261 2179 373 2235 Cyllenae
383 2178 461 2234 gelido
471 2178 613 2231 conceptum
623 2176 713 2223 vertice
723 2175 789 2222 fudit
801 2195 808 2233 ς

213 2264 249 2300 140
260 2251 287 2294 at
297 2247 397 2303 Maiam,
408 2246 497 2292 auditis
507 2244 528 2291 si
537 2244 663 2299 quicquam
675 2242 804 2300 credimus,
815 2244 898 2302 Atlas,

259 2316 322 2362 idem
334 2315 405 2362 Atlas
415 2315 524 2372 generat,
535 2311 595 2358 caeli
605 2312 645 2367 qui
656 2312 735 2358 sidera
744 2312 819 2360 tollit.

261 2384 300 2431 Sic
310 2399 386 2442 genus
396 2381 522 2429 amborum
532 2381 621 2427 scindit
631 2395 655 2427 ee
665 2381 783 2437 sanguine
791 2380 824 2427 ab
833 2395 892 2429 uno.

260 2452 306 2498 His
316 2451 393 2497 fretus
402 2466 451 2496 non
460 2449 554 2507 legatos
564 2464 639 2504 neque
649 2449 729 2504 prima
738 2464 782 2504 per
791 2451 873 2496 artem

306 2518 376 2567 (298)
