1972 3164
424 182 534 222 AENEIS.
560 183 591 222 XI

170 278 257 330 confixi
267 278 391 334 exspirant
402 279 502 326 animas.
534 281 594 326 Pare
604 278 715 326 claudere
725 282 822 335 portas:

170 363 215 395 nec
225 347 294 394 sociis
306 346 399 402 aperire
409 346 472 393 viam
482 362 527 394 nec
536 346 661 394 moenibus
671 346 762 394 audent

170 416 279 471 accipere
289 417 395 470 orantes,
405 415 529 471 oriturque
538 414 673 461 miserrima
682 415 767 462 caedes

170 483 343 531 defendentum
354 481 427 528 armis
435 483 515 529 aditus
525 482 596 538 inque
606 497 676 529 arma
683 484 808 530 ruentum.

171 551 272 599 Exclusi
281 552 339 597 ante
349 550 429 597 oculos
438 550 655 606 lacrimantumque
665 566 708 598 ora
717 554 847 607 parentum

170 635 228 676 pars
237 619 263 665 in
273 618 416 674 praecipites
425 617 501 666 fossae
511 621 614 675 urgente
623 620 694 666 ruina

172 687 287 742 velvitur,
298 686 410 733 immissis
420 702 477 742 pare
487 701 558 734 caeca
566 689 592 734 et
602 687 697 735 concita
706 687 782 734 frenis

124 760 162 809 890
173 756 263 802 arietat
272 755 298 801 in
307 756 390 811 portae
400 756 425 803 et
435 755 508 803 duros
518 755 592 803 obiice
602 758 689 812 postes.

172 823 244 879 Ipsae
254 824 284 871 de
293 823 368 870 muris
378 838 473 872 summo
482 825 612 871 certamine
621 826 713 872 matres

172 893 303 948 (monstrat
313 907 381 939 amor
387 906 458 939 verus
468 893 580 950 patriae),
588 895 617 939 ut
624 894 705 940 videre
711 892 848 950 Camillam,

171 961 223 1007 tela
232 976 307 1008 manu
315 960 424 1016 trepidae
433 960 535 1019 iaciunt,
546 977 575 1008 ac
584 961 670 1008 robore
680 962 741 1009 duro

172 1029 296 1085 stipitibus
306 1029 399 1076 ferrum
409 1030 553 1086 sudibusque
562 1030 693 1076 imitantur
703 1028 796 1076 obustis

172 1098 325 1155 praecipites,
336 1097 473 1153 primaeque
483 1098 545 1144 mori
554 1113 599 1154 pro
608 1097 733 1144 moenibus
744 1097 839 1143 ardent.

200 1165 300 1212 Interea
309 1166 420 1211 Turnum
430 1166 455 1212 in
465 1165 531 1212 silvis
541 1165 693 1212 saevissimus
703 1165 788 1220 implet

172 1233 283 1289 nuntius,
294 1235 318 1279 et
327 1233 409 1280 iuveni
417 1233 542 1289 ingentem
550 1232 601 1279 fert
610 1233 677 1280 Acca
686 1232 821 1279 tumultum
830 1253 835 1279 :

173 1301 266 1348 deletae
276 1300 419 1348 Volscorum
428 1300 499 1357 acies,
509 1301 621 1348 cecidisse
631 1300 767 1357 Camillum,

173 1369 288 1426 ingruere
297 1367 404 1414 infensos
413 1367 494 1416 hostes
503 1370 529 1416 et
538 1369 620 1415 Marte
630 1368 735 1416 secundo

126 1453 165 1492 900
175 1438 257 1486 omniu
267 1436 420 1494 corripuisse,
430 1438 522 1484 metum
531 1436 581 1483 iam
590 1437 623 1483 ad
632 1436 727 1484 moenia
735 1435 803 1483 ferri.

175 1506 221 1553 Ille
231 1505 317 1552 furens
327 1505 361 1561 (et
371 1520 442 1552 saeva
451 1504 515 1553 Iovis
525 1504 559 1552 sic
568 1505 669 1552 numina
678 1504 782 1562 pellunt)

174 1574 266 1621 deserit
275 1573 383 1621 obsessos
394 1573 473 1630 colles,
483 1588 584 1620 nemora
594 1588 681 1629 aspera
689 1573 786 1629 linquit.

176 1643 247 1689 Vixe
258 1643 390 1698 conspectu
398 1641 490 1688 exierat
501 1657 660 1697 campumque
670 1640 777 1698 tenebat,

175 1726 231 1758 cum
242 1712 313 1766 pater
322 1710 417 1758 Aeneas
427 1710 503 1757 saltus
512 1709 635 1766 ingressus
645 1711 742 1765 apertos

175 1780 352 1835 exsuperatque
361 1779 446 1836 iugum
456 1779 562 1835 silvaque
572 1779 654 1826 evadit
663 1793 746 1834 opaca.

176 1849 217 1897 Sic
227 1848 298 1895 ambe
307 1849 339 1896 ad
348 1863 431 1896 muros
440 1848 520 1904 rapidi
529 1849 628 1903 totoque
637 1847 753 1894 feruntur

176 1918 273 1975 agmine
283 1933 327 1964 nec
336 1916 413 1974 longis
423 1917 488 1964 inter
497 1932 523 1965 ee
532 1915 643 1973 passibus
653 1915 756 1970 absunt3

176 2002 206 2034 ac
216 1987 288 2034 simul
298 1987 393 2034 Aeneas
402 1986 525 2033 fumantes
534 1985 634 2041 pulvere
644 1997 742 2038 campos

177 2055 301 2112 prospexit
310 2055 381 2111 longe
391 2052 677 2110 Laurentiaqueagmina
685 2051 755 2106 vidit,

130 2140 168 2179 910
179 2124 204 2170 et
214 2138 313 2170 saevum
322 2124 422 2170 Aenean
431 2123 531 2180 agnovit
540 2122 638 2168 Turnus
648 2120 674 2166 in
683 2117 758 2166 armis

175 2191 357 2246 ¹adventumque
367 2191 455 2247 pedum
465 2190 584 2246 fletusque
594 2187 688 2236 audivit
698 2200 822 2241 equorum.

181 2259 347 2314 Continuoque
356 2259 440 2306 ineant
450 2273 545 2317 pugnas
555 2259 580 2304 et
590 2255 682 2312 proelia
690 2254 820 2311 temptent,

180 2326 206 2373 ni
215 2342 297 2374 roseus
307 2327 383 2374 fessos
392 2326 441 2374 iam
450 2326 548 2383 gurgite
558 2324 670 2372 Phoebus
680 2321 773 2369 Hibero

180 2395 262 2451 tingat
272 2410 343 2451 equos
353 2397 494 2450 noctemque
504 2393 542 2441 die
551 2392 647 2440 lubente
657 2390 772 2438 reducat:

182 2464 309 2511 considunt
319 2464 405 2511 castris
416 2465 473 2510 ante
483 2461 568 2510 urbem
577 2462 603 2509 et
613 2459 708 2507 moenia
717 2456 819 2504 vellant.

231 2532 300 2581 (403)
