1972 3164
372 337 395 375 P.
408 336 528 377 VERGILI
541 335 670 377 Mascula}

182 433 368 488 fluminibusque
377 434 500 488 vagantur
509 446 566 479 aves
577 432 634 486 (heu
642 432 697 478 dira
706 446 819 480 meorum

183 501 304 556 supplicis
312 500 329 556 !)
342 500 367 546 et
377 499 487 554 scopulos
496 498 628 546 lacrimosis
638 498 739 547 vocibus
747 499 861 556 impleut.

184 570 253 616 Haec
263 569 322 615 adeo
332 583 362 615 ex
371 568 413 615 illo
423 567 483 614 mihi
491 567 540 614 iam
550 567 671 624 speranda
679 567 783 614 fuerunt

183 640 300 693 tempore,
312 652 367 684 curn
377 636 443 683 ferre
453 635 567 684 caelestia
576 650 681 691 corpora
690 635 791 683 demens

184 706 276 762 appetii
284 707 310 752 et
318 705 420 753 Veneris
429 704 518 752 violavi
527 703 627 752 vulnere
637 704 759 751 dextram.

185 776 223 822 Ne
233 790 298 832 vero,
308 790 340 822 ue
349 789 388 820 me
398 773 429 820 ad
439 774 501 820 tales
510 773 628 829 impellite
638 789 746 830 pugnas:

185 858 229 890 nec
239 843 298 890 mihi
308 858 363 890 cum
374 840 474 889 Teucris
484 841 561 888 ullum
571 842 627 897 post
636 844 709 888 eruta
717 840 812 887 bellum

136 921 173 959 280
185 912 314 968 Pemama,
322 926 367 958 nec
377 912 487 957 veterum
497 909 596 957 memini
605 909 714 957 laetorve
724 909 854 957 malorum.

185 982 298 1036 Munera,
309 995 369 1035 quae
380 978 465 1035 patriis
475 978 554 1026 adme
565 978 669 1034 portatis
678 977 711 1025 ab
721 979 780 1036 oris,

185 1049 273 1096 vertite
284 1048 315 1095 ad
324 1049 432 1095 Aenean.
462 1047 580 1095 Stetimus
590 1047 641 1094 tela
650 1062 738 1102 aspera
747 1046 836 1094 contra

185 1116 377 1173 contulimusque
387 1131 474 1163 manus
485 1136 490 1163 ι
504 1117 605 1171 experto
615 1115 715 1172 credite,
723 1115 833 1170 quantus

184 1185 210 1231 in
220 1185 323 1240 clipeum
337 1186 459 1242 assurgat,
470 1199 517 1239 quo
526 1184 623 1231 turbine
633 1185 748 1239 torqueat
757 1184 860 1231 hastam.

186 1253 211 1300 Si
221 1253 269 1300 duo
278 1255 405 1308 praeterea
414 1252 477 1299 tales
487 1252 561 1298 Idaea
570 1252 667 1299 tulisset

185 1322 252 1368 terra
261 1320 333 1378 viros,
344 1321 410 1368 ultro
420 1321 533 1368 Inachias
542 1321 647 1368 venisset
657 1320 689 1367 ad
698 1319 773 1366 urbes

186 1390 325 1447 Dardanus,
335 1393 361 1437 et
371 1389 446 1438 versis
456 1390 551 1446 lugeret
562 1389 665 1437 Graecia
673 1388 743 1436 fatis.

186 1457 306 1514 Quidquid
315 1458 381 1514 apud
391 1458 466 1505 durae
476 1460 595 1505 cessatum
605 1459 642 1504 eet
652 1457 749 1504 moenia
759 1456 853 1514 Troiae,

186 1526 300 1574 Hectoris
309 1527 453 1582 Aeneaeque
462 1541 537 1572 mauu
546 1524 648 1573 victoria
658 1525 764 1573 Graium

137 1617 176 1656 ²90
185 1595 264 1642 haesit
274 1594 334 1641 etin
344 1595 463 1642 decimum
473 1593 576 1652 vestigia
585 1593 683 1641 rettulit
693 1609 796 1642 annum.

186 1663 265 1710 Ambo
275 1662 370 1719 animis,
381 1662 452 1709 ambo
461 1662 567 1720 insignes
577 1662 760 1717 praestantibus
770 1662 852 1720 mnis,

185 1731 225 1779 hic
235 1731 326 1787 pietate
336 1731 410 1786 prior.
441 1733 533 1778 Coeant
542 1730 569 1776 in
578 1729 677 1777 foedera
687 1730 797 1787 dextrae,

186 1815 234 1855 qua
243 1800 317 1846 datur
328 1819 334 1856 ;
349 1801 388 1845 ast
398 1799 471 1846 armis
482 1799 628 1846 concurrant
637 1813 707 1844 arma
717 1797 820 1845 cavete'

186 1867 221 1912 Et
230 1882 346 1922 responsa
355 1866 429 1913 simul
439 1882 499 1922 quae
509 1866 568 1922 sint,
578 1882 621 1913 rex
631 1866 730 1922 optime,
740 1866 807 1924 regis

185 1935 275 1981 audisti
284 1937 309 1980 et
319 1950 380 1989 quae
390 1935 422 1982 sit
432 1951 521 1991 magno
534 1934 655 1982 sententia
663 1934 745 1981 bello.'
787 1943 790 1948 '

214 2003 262 2050 Vix
272 2017 301 2048 ea
309 2000 391 2058 legati,
402 2002 531 2057 variusque
542 2018 585 2058 per
595 2018 638 2049 ora
648 2002 758 2049 cucurrit

185 2070 336 2118 Ausonidum
345 2069 448 2116 turbata
457 2070 549 2118 fremor
558 2092 563 2118 ι
578 2086 622 2118 ceu
631 2085 691 2117 saxa
700 2072 831 2118 morantur

186 2156 241 2188 cum
251 2139 347 2194 rapidos
357 2153 448 2194 amnes,
459 2138 488 2184 fit
498 2138 579 2185 clauso
588 2138 686 2196 gurgite
697 2154 818 2196 murmur,

186 2209 325 2263 vicinaeque
334 2207 444 2254 fremunt
454 2206 522 2262 ripae
532 2205 708 2262 crepitantibus
718 2206 799 2253 nudis.

138 2297 175 2334 300
187 2278 223 2326 Ut
233 2277 338 2333 primum
347 2275 438 2332 placati
447 2275 522 2321 animi
531 2277 556 2322 et
566 2274 663 2331 trepida
672 2290 715 2321 ora
724 2274 851 2333 quierunt,

187 2346 313 2402 praefatus
324 2345 390 2391 divos
400 2344 460 2391 solio
470 2359 513 2389 rex
522 2342 577 2388 infit
586 2342 617 2389 ab
628 2342 691 2388 alto:

188 2414 268 2461 ‘Ante
278 2413 387 2469 equidem
397 2427 492 2458 summa
502 2411 531 2457 de
541 2426 568 2456 re
577 2409 701 2466 statuisse,
712 2409 806 2467 Latini,

187 2484 212 2528 at
222 2482 308 2528 vellem
320 2484 345 2528 et
355 2480 437 2526 fuerat
447 2479 540 2536 melius,
551 2494 600 2525 non
610 2481 718 2533 tempore
728 2478 774 2524 tali

186 2565 271 2605 cogere
281 2549 416 2604 concilium,
427 2563 482 2594 cum
492 2561 573 2593 muros
583 2546 673 2593 assidet
683 2545 769 2592 hostis.

186 2616 284 2662 Bellum
293 2617 468 2671 importunum,
478 2614 551 2670 cives,
562 2629 617 2660 cnm
627 2614 700 2669 gente
710 2611 813 2658 deorum

234 2682 243 2731 (
252 2687 305 2732 384)
