1972 3164
333 190 445 246 sanare.
469 191 504 230 111

29 303 69 344 ⁴90
80 288 120 337 Sic
129 287 218 347 oeulos,
229 289 263 337 sio
273 287 314 336 ifle
324 304 419 346 manus,
430 289 464 337 sic
474 303 518 336 ora
527 288 629 346 larebat,

78 357 105 404 et
114 372 179 405 nunc
189 356 283 414 aequali
292 359 373 404 tecum
383 357 524 412 pubesceret
532 357 619 405 aevo.''

80 425 134 472 Hos
143 439 188 482 ego
197 424 332 483 digrediens
342 425 447 472 lacrimis
457 425 552 473 affabar
561 425 652 473 obortis
660 445 667 474 ε

80 494 97 515 “
104 493 186 541 Vivitc
195 492 285 550 felices,
297 493 384 549 quibus
394 495 431 540 est
441 493 543 541 fortuna
552 495 653 550 peracta

78 561 129 609 iam
139 576 199 609 sua:
214 577 258 609 nos
268 561 317 608 alia
325 577 355 609 ex
364 561 418 609 aliis
427 561 454 608 in
463 562 517 609 fata
526 577 650 610 vocamur.
675 591 678 594 ·

79 629 156 677 Vobis
166 630 239 685 parta
247 629 322 687 quies,
332 629 427 676 nullum
437 630 511 677 maris
521 645 610 686 aequor
619 631 749 688 arandum,

79 713 142 746 arva
150 712 228 753 neque
237 697 359 745 Ausoniae
369 713 464 754 semper
473 698 582 746 cedentia
593 701 660 746 retro

80 767 226 822 quaerenda.
255 766 366 823 Effigiem
376 766 469 814 Xanthi
478 767 623 823 Troiamque
633 766 730 824 videtis,

80 849 154 890 quam
164 836 259 882 restrae
268 834 347 882 fecere
356 850 442 882 manus
452 835 598 892 melioribus,
608 837 674 893 opto,

81 902 195 958 auspiciis
205 904 231 951 at
241 918 302 959 quae
311 902 405 950 fuerint
415 904 495 951 minus
504 903 574 950 obvia
584 903 673 951 Graiis.

35 988 72 1025 500
82 971 109 1019 Si
119 971 215 1027 quando
224 971 341 1027 Thybrim
350 971 476 1029 vicinaque
487 972 615 1028 Thybridis
625 987 685 1019 arva

81 1039 178 1087 intrare
186 1040 300 1097 gentique
310 1055 377 1088 meas
387 1041 446 1088 data
455 1041 549 1088 moenia
558 1056 664 1098 ceruam,

81 1109 200 1166 cognatas
209 1108 281 1155 urbes
290 1108 348 1155 olim
357 1109 504 1166 populosque
514 1109 660 1165 propinquos

83 1175 161 1231 Epiro
171 1176 299 1234 Hesperia,
310 1177 396 1232 quibus
405 1177 469 1225 idem
477 1178 608 1225 Dardanus
618 1178 704 1223 auctor

82 1245 157 1299 atquc
165 1244 229 1291 idem
239 1259 316 1301 casus,
327 1260 402 1291 unam
411 1245 528 1293 faciemus
537 1247 666 1300 utramque

81 1311 183 1360 'I'roiam
192 1312 278 1359 animis
287 1332 293 1369 ;
306 1315 405 1360 maneat
414 1316 511 1361 nostros
521 1329 550 1360 ea
559 1328 618 1360 eura
627 1312 754 1367 nepotes.'’

113 1381 287 1428 ‘Provehimur
296 1381 381 1438 pelago
390 1381 471 1429 vicina
480 1381 601 1429 Ceraunia
609 1380 687 1436 iuxta,

81 1449 149 1498 unde
158 1449 205 1496 iter
214 1449 312 1497 Italiam
322 1465 453 1506 cursusque
460 1450 616 1498 brevissimus
625 1448 705 1495 undis.

84 1517 127 1566 Sol
136 1517 187 1564 ruit
196 1517 221 1563 in
234 1533 290 1565 erea
297 1518 322 1564 et
332 1520 426 1566 montes
436 1513 583 1565 umbrantur
592 1516 669 1572 opaci.

84 1586 224 1634 Sternimur
232 1588 331 1642 optatae
340 1587 432 1644 gremio
441 1586 535 1634 telluris
546 1585 577 1632 ad
588 1585 688 1642 undam,

35 1675 74 1713 510
84 1654 167 1703 sortiti
176 1669 262 1712 remos,
273 1657 408 1712 passimque
417 1655 443 1702 in
452 1655 523 1702 litore
533 1654 595 1702 sicco

83 1738 187 1778 corpora
196 1738 324 1772 curamus:
338 1724 414 1771 fessos
423 1739 494 1780 sopor
504 1723 590 1780 irrigat
600 1725 678 1770 artus.

84 1791 196 1840 Necdum
205 1791 287 1839 orbem
296 1793 402 1840 medium
412 1792 468 1839 Nox
477 1792 551 1839 Horis
561 1792 616 1839 acta
626 1790 736 1838 subibat:

83 1860 152 1908 haud
162 1860 242 1917 segnis
251 1861 330 1908 strato
339 1860 418 1917 surgit
428 1860 558 1907 Palinurus
568 1862 593 1907 et
603 1874 685 1906 omnes

83 1929 197 1984 explorat
205 1930 291 1976 ventos
300 1932 372 1985 atque
382 1929 480 1976 auribus
490 1932 547 1977 adra
556 1929 639 1984 captat
647 1947 653 1984 ;

85 1996 166 2045 sidera
175 1999 264 2044 cuncta
272 1998 342 2044 notat
351 1997 427 2044 tacito
436 1997 544 2045 labentia
554 1996 627 2053 caelo,

85 2066 221 2113 Arcturum
231 2065 370 2122 pluviasque
380 2066 480 2121 Hyadas
489 2065 644 2122 geminosque
653 2062 763 2118 Triones,

86 2135 257 2189 armatumque
266 2150 326 2181 auro
335 2133 496 2189 circumspicit
506 2134 605 2180 Oriona.

88 2202 221 2256 Postquam
231 2203 320 2249 cuncta
328 2202 395 2249 ridet
405 2202 470 2249 caelo
480 2203 590 2248 constare
601 2213 693 2254 sereno,

88 2269 133 2317 dat
143 2269 235 2317 clarum
245 2285 258 2317 c
268 2270 343 2325 puppi
353 2270 448 2327 signum
458 2290 463 2316 ε
477 2283 521 2315 nos
532 2269 613 2314 castra
622 2279 744 2311 movemus

36 2354 78 2392 520
88 2339 284 2394 temptamusque
293 2339 357 2385 viam
367 2340 392 2385 et
401 2337 510 2384 valorum
519 2334 647 2391 pandimus
657 2333 716 2379 alae.

89 2407 190 2462 Iamque
199 2407 342 2455 rubescebat
352 2407 429 2455 stellis
438 2406 536 2453 Aurora
545 2402 646 2460 iugatis,

89 2490 146 2523 eum
155 2475 239 2530 procul
248 2475 361 2524 obscuros
372 2475 443 2523 colles
452 2473 613 2527 humilemque
623 2470 730 2517 videmus

141 2543 209 2593 (179)
