1972 3164
386 166 496 207 AENEIS.
522 167 566 207 VlI

142 263 253 322 profnif?
280 266 365 321 optato
374 266 513 313 conduntur
523 265 652 322 Thybridis
662 265 737 323 alveo,

140 333 221 381 securi
230 332 310 390 pelagi
319 335 391 389 atque
400 334 456 382 mei.
485 335 554 382 Mars
564 335 665 390 perdere
674 337 772 391 geniem

139 400 271 449 immonem
280 401 413 457 Lapifhnm
421 403 508 459 saluii,
519 403 636 450 concessit
645 403 671 448 in
680 403 730 449 iras

139 468 193 526 ipse
202 469 274 517 deum
283 469 408 526 antiquam
417 470 514 527 genitor
524 469 649 527 Calydona
658 463 761 528 Dianae,

141 537 206 595 qnod
222 537 299 586 scelus
314 538 359 585 eui
377 539 495 594 Lapithas
513 540 612 585 tentum
632 541 676 585 eut
696 539 819 596 Calydone

198 607 347 654 merentem?

141 673 190 722 Ast
198 689 243 731 ego
252 689 341 731 magna
350 674 415 721 Iovis
425 674 538 732 coniunx,
545 676 581 722 nil
590 675 698 732 linquere
704 677 816 723 inausum

142 757 204 800 quae
213 741 282 799 potui
291 742 384 799 infelix,
395 758 456 799 quae
465 745 555 790 memei
563 744 589 790 in
599 744 680 791 omnia
689 745 760 800 verfi,

95 825 132 864 3¹0
142 811 226 858 vincor
234 810 266 858 ab
274 812 365 859 Aenea.
395 810 464 866 Quod
473 811 494 857 si
503 827 557 858 mea
565 812 666 859 numina
675 827 724 859 non
735 813 793 858 sunt

142 878 305 935 megnasafis,
311 877 420 926 dubifem
430 879 495 926 haud
501 878 610 934 equidem
618 880 748 935 implorare
754 881 817 936 quod

198 961 302 1003 usquam
309 948 347 994 esi
356 966 362 994 s

142 1016 240 1064 flecfere
250 1014 270 1062 si
279 1029 370 1071 nequeo
379 1030 486 1073 superos,
496 1016 636 1064 Acheronta
645 1017 752 1064 movebo.

142 1085 200 1133 Non
208 1083 306 1131 dabitur
315 1083 397 1140 regnis
407 1084 477 1141 (esto)
487 1085 613 1140 prohibere
623 1085 726 1141 Latinis,

142 1154 215 1209 atque
224 1153 324 1200 immola
333 1154 416 1200 manet
424 1152 483 1200 fatis
493 1153 595 1200 Lavinia
605 1153 709 1199 coniunx
719 1173 725 1198 ι

142 1223 171 1270 af
179 1221 276 1268 frehero
285 1221 357 1276 aeque
367 1235 447 1268 moras
456 1222 533 1268 fantis
542 1221 599 1268 licei
609 1221 697 1267 addere
707 1219 788 1277 rebus,

142 1291 171 1338 af
180 1289 236 1337 lieef
245 1287 371 1336 amborum
380 1288 480 1344 populos
490 1289 628 1336 exscindere
638 1303 731 1343 regum.

143 1359 200 1407 Hac
208 1372 282 1415 gener
291 1358 363 1412 afque
373 1372 440 1405 sooer
449 1358 534 1404 coeant
544 1356 652 1403 mercede
664 1371 778 1402 suorum:

143 1426 261 1485 sanguiue
271 1424 376 1472 Troiano
384 1427 409 1472 ef
419 1425 513 1472 Rutulo
522 1424 644 1480 delabere,
655 1424 732 1480 virgo,

144 1497 170 1543 ef
179 1494 281 1542 Bellona
289 1495 371 1541 menet
380 1496 406 1541 fe
415 1493 533 1550 pronuba.
564 1493 618 1539 Neo
628 1492 682 1539 face
691 1493 789 1539 fantum

96 1581 134 1621 φο
145 1562 232 1612 Cisseis
242 1577 377 1618 praegnans
387 1563 454 1619 ignes
464 1562 535 1609 enixa
544 1561 636 1618 iugales
646 1580 652 1617 ;

144 1631 203 1688 quin
212 1630 275 1679 idem
284 1630 373 1678 Veneri
381 1632 467 1686 parfus
477 1645 535 1677 suus
546 1632 570 1677 ef
581 1630 650 1676 Paris
660 1628 731 1686 alter,

143 1700 300 1756 funestaeque
309 1699 398 1747 iterum
408 1699 511 1746 recidive
520 1699 546 1745 in
556 1699 676 1755 Pergama
685 1698 787 1745 taedae?

173 1768 242 1815 Haec
251 1767 292 1816 ubi
301 1768 367 1816 dicia
377 1767 451 1823 dedit,
461 1769 540 1814 ferras
550 1767 669 1814 horrende
679 1766 780 1822 petivit:

143 1836 275 1884 lucifluam
284 1836 380 1884 Allecto
388 1836 497 1882 dirarum
507 1836 538 1883 ab
548 1836 602 1883 sede
613 1836 713 1882 dearum

143 1904 290 1960 infernisque
299 1904 347 1952 cief
356 1905 470 1961 tenebris,
480 1905 520 1951 cui
528 1905 610 1951 frisiis
617 1903 682 1951 bella

142 1973 240 2030 iraeque
249 1973 395 2029 insidiaeque
405 1975 430 2020 ei
439 1973 540 2020 crimine
548 1974 621 2020 noxia
630 1972 703 2018 cordi.

144 2042 203 2090 Odif
213 2042 238 2089 ef
247 2042 298 2097 ipse
307 2044 377 2097 paler
388 2041 485 2098 Pluton,
496 2043 566 2088 odere
576 2055 667 2087 sorores

145 2111 277 2159 Tartareae
286 2113 422 2158 monstrum
432 2131 438 2157 ε
451 2112 490 2157 foi
499 2125 550 2157 sese
559 2110 634 2156 vertit
643 2108 668 2154 in
678 2123 729 2164 ora,

144 2179 197 2226 fam
207 2193 292 2226 saevae
301 2179 384 2235 facies,
394 2181 434 2226 foi
443 2179 547 2234 pullulaf
557 2180 613 2225 afra
620 2176 732 2224 colubris.

96 2268 134 2306 330
146 2246 225 2303 Quam
234 2246 296 2294 Iuno
304 2248 342 2294 his
352 2247 417 2294 acuit
427 2247 505 2293 verbis
515 2262 544 2293 ao
553 2246 613 2292 felia
622 2245 704 2291 fatur:

146 2315 234 2364 ‘Hunc
240 2316 299 2362 mihi
305 2314 695 2371 deproprium,virgosafaNocie,
702 2312 818 2372 laborem,

144 2383 208 2432 hanc
216 2398 322 2440 operam,
332 2398 362 2431 ne
372 2385 454 2430 noster
463 2383 538 2430 honos
546 2383 681 2429 infractave
692 2381 762 2428 cedei

192 2521 201 2570 (
256 2469 292 2505 ³⁰7.
311 2467 350 2504 al.
358 2467 459 2510 ‘Iapffhis
467 2494 471 2503 .
480 2494 484 2503 .
493 2466 706 2510 .ca1yd0nemerente.¹

210 2521 263 2572 277)
