1972 3164
172 527 207 592 P.
238 528 423 594 VERGILI
455 529 664 596 MARONIS

285 699 323 772 A
336 699 370 773 Ε
384 697 423 774 N
437 700 471 774 Ε
485 700 507 774 Ι
521 700 549 776 S

376 887 453 915 -44-

246 1016 364 1072 LIBER
390 1017 581 1082 QUARTUS.

78 1151 151 1248 ΑΤ
160 1151 245 1212 regina
253 1153 324 1211 gravi
332 1154 473 1202 iamdudum
483 1153 566 1201 saucia
575 1169 635 1201 cura

143 1222 231 1269 vulnus
241 1222 285 1269 alit
295 1222 371 1281 venis,
381 1225 406 1270 et
417 1237 487 1270 caeco
497 1222 606 1277 carpitur
615 1219 674 1277 igni.

77 1289 162 1338 Multa
170 1289 217 1338 viri
225 1290 304 1337 virtus
314 1291 396 1338 animo
405 1290 544 1345 multusque
554 1290 664 1336 recursab

77 1358 159 1417 geneis
169 1357 253 1416 honos,
263 1358 366 1406 haerent
375 1358 444 1405 infixi
453 1359 550 1414 pectore
559 1357 643 1404 vultus

76 1425 206 1483 verbaque,
213 1441 257 1474 nec
267 1427 387 1482 placidam
396 1426 510 1473 membris
520 1426 563 1473 dat
573 1441 632 1473 cura
641 1423 753 1480 quietem.

77 1492 182 1541 Postera
191 1494 302 1543 Phoebea
310 1495 432 1542 lustrabat
441 1495 552 1550 lampado
562 1496 642 1542 terras

76 1563 248 1630 umentemque
255 1563 352 1610 Aurora
361 1563 416 1619 polo
425 1563 559 1610 dimoverat
569 1562 688 1619 umbram,

77 1645 134 1678 cum
144 1631 178 1677 sic
187 1631 327 1678 unanimam
337 1631 469 1687 alloquitur
478 1631 540 1678 male
550 1647 609 1678 sana
619 1645 724 1678 sororem
734 1649 739 1676 ι

78 1697 165 1746 ‘Anna
174 1714 248 1756 soror,
256 1715 317 1755 quac
326 1714 365 1746 mc
374 1715 514 1755 suspensam
523 1699 641 1747 insomnia
647 1699 756 1747 terrent?

41 1793 68 1820 10
79 1767 139 1824 Quis
149 1783 225 1815 novus
235 1767 275 1815 hic
284 1769 374 1816 nostris
384 1769 499 1816 successit
509 1769 604 1816 sedibus
613 1768 708 1826 hospes,

78 1851 150 1892 quem
160 1851 211 1883 sese
220 1851 261 1883 ore
271 1836 360 1894 ferens,
370 1852 443 1892 quam
453 1836 513 1883 forti
522 1838 619 1892 peccora
629 1838 654 1883 eb
664 1835 755 1883 armis?

78 1904 158 1952 Credo
167 1904 284 1961 equidem,
295 1919 339 1952 nec
347 1920 412 1952 vana
421 1905 488 1962 fides,
499 1920 575 1962 genus
585 1920 636 1952 esse
646 1904 754 1951 deorum.

78 1973 217 2030 Degeneres
227 1974 320 2020 animos
329 1974 403 2021 timor
412 1973 502 2030 arguis.
533 1973 590 2020 Heu
599 1972 686 2028 quibus
695 1971 736 2019 illc

77 2041 185 2090 iactabus
194 2041 252 2088 fatis
262 2044 266 2088 !
287 2057 348 2097 quae
358 2042 422 2089 bella
432 2041 550 2089 exhausta
559 2040 675 2088 canebat!

79 2110 106 2158 si
116 2110 175 2156 mihi
184 2125 233 2157 non
243 2110 324 2157 animo
333 2111 408 2157 fixum
417 2110 590 2165 immotumque
601 2108 695 2156 sedareb

77 2194 109 2226 nc
119 2179 159 2226 cui
167 2193 206 2226 me
215 2177 294 2226 vinclo
303 2179 389 2226 vellem
400 2179 490 2226 sociare
499 2177 583 2235 iugali,

78 2249 206 2304 postquam
216 2247 308 2304 primus
318 2263 387 2295 amor
397 2248 521 2303 receptam
532 2247 609 2292 morte
619 2242 720 2300 fefellit;

78 2317 99 2364 si
109 2331 158 2363 non
168 2317 305 2371 pertaesum
314 2316 418 2364 thalami
427 2316 559 2370 taedaeque
569 2312 664 2370 fuisset,

77 2384 135 2432 huic
145 2384 188 2431 uni
197 2385 282 2433 forsan
292 2385 361 2442 potui
370 2384 525 2434 succumbere
536 2383 628 2439 culpae.

126 2454 135 2502 (
146 2455 180 2502 187
190 2453 197 2503 )
