1972 3164
371 165 393 203 P.
406 164 526 204 VERGILI
538 164 668 205 MARONIS

178 262 303 310 advenisse
312 263 383 320 diem,
394 279 441 319 quo
450 263 532 310 debita
542 264 638 311 moenia
647 263 763 311 condant.

180 331 298 379 Certatim
308 331 448 378 instaurant
458 331 541 386 epulas
551 333 624 386 atquo
634 332 714 378 omino
723 347 819 389 magno

179 401 286 447 crateras
296 400 354 447 laeti
364 401 477 447 statuunt
486 401 511 446 et
521 399 577 445 vinu
587 402 715 447 coronant.

208 468 310 516 Postera
319 484 373 515 cum
383 469 462 524 primu
471 467 593 514 lustrabat
602 467 716 524 lampado
726 469 810 515 terras

180 538 234 583 orta
244 537 302 593 dies,
312 536 397 583 urbem
406 538 432 583 et
441 536 500 582 fines
510 538 535 583 et
544 535 618 582 litora
626 536 706 592 gentis
784 586 788 590 Α

134 623 171 660 ¹50
180 605 269 652 diversi
278 605 419 659 explorant:
433 604 492 651 haec
502 604 577 650 tontis
587 605 676 660 stagna
685 605 795 669 Numici,

180 671 245 719 huno
252 671 367 728 Thybrim
377 672 485 729 fluvium,
492 672 531 719 hie
537 672 613 719 fortes
622 672 735 720 habitare
745 674 860 720 Latinos.

180 740 244 786 Tum
254 741 322 786 satus
331 740 440 787 Anchisa
448 740 552 787 delectos
562 740 645 788 ordine
654 740 685 787 ab
694 741 763 788 omni

180 808 278 855 eentum
287 809 393 855 oratores
403 810 509 865 augusta
517 808 549 856 ad
559 809 653 856 moenia
662 809 728 866 regis

179 875 215 922 ire
225 875 300 932 iubet,
310 877 384 923 ramis
394 877 485 924 velatos
496 877 601 923 Palladis
611 892 702 934 omnes,

181 944 289 1000 donaque
298 943 363 992 ferre
372 945 424 992 viro
435 960 566 1001 pacemque
575 961 703 1000 exposcere
713 946 825 994 Teucris.

181 1012 256 1059 Haud
265 1028 342 1069 mora,
352 1012 469 1060 festinant
478 1013 538 1060 iussi
547 1013 683 1070 rapidisque
693 1014 811 1061 feruntur

181 1081 299 1138 passibus.
328 1082 385 1137 Ipse
396 1081 481 1128 humili
492 1082 603 1138 designat
612 1082 708 1129 moenia
716 1083 791 1140 fossa,

182 1151 327 1206 moliturque
336 1149 424 1207 locum,
435 1151 571 1206 primusque
580 1151 606 1197 in
616 1151 687 1197 litore
697 1151 766 1198 sedes

182 1221 317 1267 castrorum
327 1219 353 1266 in
362 1232 453 1267 morem
463 1219 542 1275 pinnis
553 1221 625 1274 atque
634 1233 725 1276 aggere
736 1219 822 1275 cingit.

136 1293 172 1330 160
182 1288 282 1345 Iamque
291 1289 339 1351 iter
347 1289 438 1337 emensi
446 1290 526 1335 turres
536 1303 564 1335 ac
574 1289 641 1334 tecta
650 1287 795 1334 Latinorum

183 1357 259 1404 melna
268 1357 397 1404 cernebant
406 1357 503 1404 iuvenes
513 1371 627 1411 muroque
637 1356 760 1404 subibant.

182 1426 248 1473 Ante
257 1425 341 1472 urbem
351 1425 420 1482 pueri
428 1428 454 1472 et
463 1425 585 1480 primaevo
594 1423 651 1470 flore
660 1423 774 1471 iuventus

182 1495 326 1540 exercentur
335 1494 409 1551 equis,
419 1494 585 1548 domitantque
594 1493 620 1539 in
630 1492 729 1548 pulvere
740 1508 838 1549 currus,

182 1563 226 1608 aut
236 1577 304 1609 acres
313 1562 419 1609 tendunt
429 1577 508 1618 arcus,
519 1563 562 1607 aut
572 1561 639 1608 lenta
648 1560 746 1607 lacertis

183 1630 275 1685 spicula
285 1631 444 1686 contorquent
454 1645 572 1684 cursuque
581 1630 679 1684 ictuque
688 1628 814 1675 lacessunt
825 1650 831 1674 z

182 1714 237 1745 cum
247 1699 389 1753 praevectus
399 1714 459 1754 equo
468 1698 578 1754 longaevi
587 1697 651 1753 regis
661 1697 692 1744 ad
703 1712 775 1743 aures

182 1767 282 1812 nuntius
292 1767 403 1821 ingentes
412 1767 496 1822 ignota
505 1767 530 1813 in
540 1769 606 1813 veste
616 1766 726 1820 reportat

183 1834 306 1881 advenisse
316 1833 388 1880 viros.
419 1835 464 1881 Ille
473 1835 540 1881 intra
549 1836 616 1882 teoto
624 1833 706 1881 vocari

182 1903 287 1958 imperat
297 1903 321 1948 et
333 1901 392 1948 solio
401 1903 494 1948 medius
504 1902 611 1950 consedit
621 1903 694 1949 avito.

137 1985 173 2022 170
184 1971 286 2018 'lectum
296 1971 428 2026 augustum
441 1970 535 2027 ingens,
546 1972 644 2018 centnm
654 1970 756 2017 sublime
771 1970 861 2017 colum-

239 2055 284 2096 nis,

183 2108 243 2155 urbe
252 2108 300 2155 tuit
310 2125 413 2166 summu,
426 2109 555 2156 Laurentis
565 2108 632 2164 regia
641 2107 701 2164 Pici,

182 2177 330 2224 horrendum
341 2178 406 2223 silvis
416 2179 441 2224 et
453 2177 569 2232 religione
579 2179 716 2232 parentum.

184 2247 232 2293 Hic
242 2248 337 2302 sceptra
347 2247 453 2302 accipere
464 2247 488 2292 et
498 2245 587 2300 primos
598 2245 709 2292 attollere
719 2244 797 2290 fasces

183 2315 279 2370 regibus
289 2330 359 2362 omen
369 2317 422 2362 erat
431 2334 438 2370 ;
452 2314 498 2360 hoc
507 2313 555 2359 illis
566 2314 634 2360 curia
643 2313 770 2368 templum,

182 2382 228 2430 hue
238 2384 312 2430 sacris
323 2385 390 2431 sedes
400 2383 484 2439 epulis,
495 2381 534 2428 hio
546 2382 621 2429 ariete
631 2397 700 2429 caeso

183 2452 305 2506 perpetuis
315 2452 379 2499 soliti
389 2454 471 2508 patres
482 2451 603 2498 considere
613 2450 710 2497 mensis.

137 2562 140 2568 .
231 2518 300 2567 (272)
