1972 3164
389 162 499 203 AENEIS.
523 161 567 203 VII

108 273 128 301 ιο
140 253 206 304 Τιιιιι
215 257 380 314 reginadeum
391 260 457 308 caclo
466 258 565 315 delapsa
574 259 697 307 morantes

109 322 256 382 impulit
248 339 302 380 1psa
311 340 386 373 manu
395 327 487 384 portas,
497 329 523 376 et
532 328 630 375 cardine
639 342 709 373 verso

139 392 199 442 belli
207 392 313 442 ferratos
322 394 415 450 rumpit
425 395 541 443 Saturnia
550 397 638 452 postes

139 462 220 510 Ardet
229 461 334 510 inexcita
343 463 452 511 Ausonia
461 466 533 520 atque
543 464 671 512 immobilis
680 466 752 518 ante3

140 546 199 588 pars
208 530 281 587 pedes
289 531 325 578 ire
334 532 405 588 perat
415 533 514 590 campis,
524 547 581 589 pars
590 533 681 580 arduus
690 533 748 580 altis

140 598 326 656 pulverulentus
335 602 402 655 equis
410 602 488 657 furit;
502 615 585 648 omnes
600 616 670 649 arma
678 599 815 656 requirunt.

141 683 200 726 pars
209 667 274 715 leves
284 667 371 724 clipeos
381 672 406 718 et
417 669 509 726 spicula
517 670 598 717 lucida
606 671 703 726 tergent

141 736 229 785 arvina
237 736 322 793 pingui
330 737 493 796 subiguntque
502 738 528 784 in
538 740 591 786 cote
602 753 712 795 secures;

142 806 259 862 signaque
268 804 332 853 ferre
340 807 410 854 iuvat
420 807 558 862 sonitusque
569 807 652 854 audire
661 806 787 853 tubarum.

143 873 255 931 Quinque
263 876 323 924 adeo
332 892 434 934 magnae
444 876 528 933 positis
537 875 664 923 incudibus
674 875 745 923 urbes

108 963 132 1000 3⁰
142 943 194 991 tela
203 946 303 1003 novant,
313 945 390 992 Atina
399 947 485 1002 potens
495 945 617 1000 Tiburque
627 943 765 1000 superbum,

142 1011 226 1059 Ardea
235 1012 433 1069 Crustumerique
443 1015 469 1061 et
476 1013 613 1070 turrigerae
622 1013 768 1060 Antemnae.

144 1079 263 1138 Tegmina
271 1081 329 1128 tuta
337 1083 426 1129 cavant
434 1082 541 1136 capitum
550 1081 700 1136 flectuntque
709 1080 817 1135 salignas

143 1148 276 1196 umbonum
285 1151 378 1196 crates:
394 1150 436 1197 alii
444 1150 556 1197 thoracas
567 1153 640 1196 a'e'nos

144 1218 189 1264 aut
198 1217 261 1264 leves
271 1231 352 1264 ocreas
361 1218 429 1265 lento
438 1219 529 1266 ducunt
539 1220 656 1275 argento;

144 1284 248 1332 vomeris
257 1284 305 1332 huc
314 1287 339 1332 et
348 1284 418 1333 falcis
428 1286 511 1343 honos,
521 1286 568 1333 huc
578 1285 655 1332 omnis
664 1281 742 1331 aratri

144 1353 217 1402 cessit
226 1369 309 1401 amor:
322 1355 455 1409 recoquunt
465 1355 556 1410 patrios
565 1353 705 1400 fornacibus
715 1365 792 1398 enses.

144 1421 252 1470 mauce
261 1421 356 1477 iamque
366 1422 453 1469 sonant
462 1441 468 1479 ;
482 1422 503 1469 it
512 1422 575 1469 bello
583 1424 675 1468 tessera
684 1420 788 1475 signum.

144 1489 194 1537 Hie
204 1489 379 1546 galeamtectis
388 1490 497 1545 trepidus
506 1489 580 1546 repit,
590 1489 630 1536 ille
640 1488 771 1534 frementes

144 1558 177 1606 ad
185 1557 244 1614 iuga
253 1558 317 1614 cogit
326 1573 407 1616 equos,
418 1558 566 1614 clipeumque
576 1572 680 1611 auroque
690 1555 793 1602 trilicem

108 1645 134 1682 ⁴0
143 1626 244 1674 loricam
253 1626 362 1674 induitur
371 1627 464 1682 fidoque
473 1627 608 1683 accingitur
617 1641 680 1674 ense.

172 1695 277 1742 Pandite
286 1709 351 1743 nune
361 1695 487 1753 Helicona,
497 1696 564 1752 deae,
574 1696 705 1750 cantusque
715 1697 818 1752 movete,

144 1763 187 1820 qui
195 1762 259 1811 bello
267 1763 340 1811 exciti
348 1778 427 1822 reges,
437 1779 498 1819 quae
507 1778 623 1820 quemque
632 1766 728 1812 secutae

145 1831 288 1887 complerint
298 1846 395 1887 campos
405 1831 477 1888 acies,
487 1832 573 1888 quibus
583 1830 648 1879 Itala
657 1830 706 1879 iam
715 1834 769 1879 tum

144 1900 254 1948 floruerit
263 1901 331 1948 terra
340 1899 405 1948 alma
413 1901 480 1958 viris,
491 1901 576 1957 quibus
586 1903 672 1949 arserit
681 1901 763 1948 armis.

145 1968 182 2016 Et
191 1968 333 2016 meministis
343 1969 415 2027 enim,
426 1969 503 2027 divae,
513 1971 538 2016 et
548 1985 681 2018 memorare
691 1970 807 2025 potestis:

145 2036 178 2084 ad
187 2051 231 2084 nos
240 2036 282 2083 vix
290 2037 371 2084 tenuis
380 2037 461 2084 famae
470 2037 605 2093 perlabitur
614 2053 682 2085 aura.

174 2104 270 2153 Primus
278 2105 325 2152 init
334 2105 424 2153 bellum
435 2106 566 2161 Tyrrhenis
575 2122 646 2162 asper
653 2106 684 2152 ab
693 2106 741 2152 oris

145 2174 298 2228 contemptor
306 2173 388 2221 divum
400 2174 536 2221 Mezentius
546 2173 689 2230 agminaque
699 2173 788 2220 armat.

145 2241 224 2289 Filius
233 2241 289 2289 huic
297 2241 367 2289 iuxta
377 2242 479 2299 Lausus,
490 2257 537 2297 quo
544 2241 666 2297 pulchrior
676 2241 739 2288 alter

108 2333 136 2372 50
145 2323 196 2358 uon
205 2309 253 2356 init
262 2311 363 2366 excepto
373 2310 502 2358 Laurentis
512 2325 611 2365 corpore
620 2309 711 2356 Turni:

145 2379 249 2436 Lausus,
259 2393 347 2434 equum
357 2379 460 2426 domitor
469 2378 646 2433 debellatorque
656 2377 773 2434 ferarum,

145 2447 213 2495 ducit
222 2447 338 2504 Agyllina
346 2447 490 2503 nequiquam
500 2461 530 2492 ex
540 2445 599 2493 urbe
608 2447 703 2494 secutos

194 2516 201 2564 l
210 2518 246 2565 287
255 2515 263 2564 )
