<?xml version="1.0" encoding="UTF-8"?>
<!DOCTYPE html PUBLIC "-//W3C//DTD XHTML 1.0 Transitional//EN"
    "http://www.w3.org/TR/xhtml1/DTD/xhtml1-transitional.dtd">
<html xmlns="http://www.w3.org/1999/xhtml" xml:lang="en" lang="en">
 <head>
  <title>
</title>
<meta http-equiv="Content-Type" content="text/html;charset=utf-8" />
  <meta name='ocr-system' content='tesseract 3.04.00' />
  <meta name='ocr-capabilities' content='ocr_page ocr_carea ocr_par ocr_line ocrx_word'/>
</head>
<body>
  <div class='ocr_page' id='page_1' title='image "./pvergilimaronis07virggoog_0123.png"; bbox 0 0 1972 3164; ppageno 0'>
   <div class='ocr_carea' id='block_1_1' title="bbox 351 239 650 280">
    <p class='ocr_par' dir='ltr' id='par_1_1' title="bbox 351 239 650 280">
     <span class='ocr_line' id='line_1_1' title="bbox 351 239 650 280; baseline -0.007 0"><span class='ocrx_word' id='word_1_1' title='bbox 351 241 373 279; x_wconf 92' lang='lat' dir='ltr'>P.</span> <span class='ocrx_word' id='word_1_2' title='bbox 387 240 508 280; x_wconf 84' lang='lat' dir='ltr'><strong>VERGILI</strong></span> <span class='ocrx_word' id='word_1_3' title='bbox 521 239 650 280; x_wconf 77' lang='lat' dir='ltr'><strong>MARONIS</strong></span> 
     </span>
    </p>
   </div>
   <div class='ocr_carea' id='block_1_2' title="bbox 129 335 885 2641">
    <p class='ocr_par' dir='ltr' id='par_1_2' title="bbox 163 335 885 532">
     <span class='ocr_line' id='line_1_2' title="bbox 163 335 758 395; baseline 0 -12"><span class='ocrx_word' id='word_1_4' title='bbox 163 338 188 383; x_wconf 85' lang='lat' dir='ltr'>et</span> <span class='ocrx_word' id='word_1_5' title='bbox 198 351 265 384; x_wconf 86' lang='lat' dir='ltr'>soror</span> <span class='ocrx_word' id='word_1_6' title='bbox 275 337 300 384; x_wconf 85' lang='lat' dir='ltr'>et</span> <span class='ocrx_word' id='word_1_7' title='bbox 308 336 420 395; x_wconf 87' lang='lat' dir='ltr'>eoniunx,</span> <span class='ocrx_word' id='word_1_8' title='bbox 429 352 479 384; x_wconf 85' lang='lat' dir='ltr'>unu</span> <span class='ocrx_word' id='word_1_9' title='bbox 486 351 541 384; x_wconf 86' lang='lat' dir='ltr'>eum</span> <span class='ocrx_word' id='word_1_10' title='bbox 551 338 624 394; x_wconf 73' lang='lat' dir='ltr'>gente</span> <span class='ocrx_word' id='word_1_11' title='bbox 633 335 671 382; x_wconf 89' lang='lat' dir='ltr'>tot</span> <span class='ocrx_word' id='word_1_12' title='bbox 681 349 758 383; x_wconf 83' lang='lat' dir='ltr'>ennos</span> 
     </span>
     <span class='ocr_line' id='line_1_3' title="bbox 164 405 885 463; baseline -0.003 -10"><span class='ocrx_word' id='word_1_13' title='bbox 164 405 228 453; x_wconf 85' lang='lat' dir='ltr'>belle</span> <span class='ocrx_word' id='word_1_14' title='bbox 236 421 302 463; x_wconf 77' lang='lat' dir='ltr'>gero.</span> <span class='ocrx_word' id='word_1_15' title='bbox 333 406 368 452; x_wconf 84' lang='lat' dir='ltr'>Et</span> <span class='ocrx_word' id='word_1_16' title='bbox 378 407 503 462; x_wconf 74' lang='lat' dir='ltr'>quisquam</span> <span class='ocrx_word' id='word_1_17' title='bbox 512 421 603 453; x_wconf 89' lang='lat' dir='ltr'>numen</span> <span class='ocrx_word' id='word_1_18' title='bbox 613 405 713 452; x_wconf 92' lang='lat' dir='ltr'>Iunonis</span> <span class='ocrx_word' id='word_1_19' title='bbox 723 405 810 452; x_wconf 77' lang='lat' dir='ltr'>adoret</span> <span class='ocrx_word' id='word_1_20' title='bbox 884 428 885 431; x_wconf 38' lang='lat'>¹</span> 
     </span>
     <span class='ocr_line' id='line_1_4' title="bbox 164 473 796 532; baseline -0.002 -10"><span class='ocrx_word' id='word_1_21' title='bbox 164 478 300 532; x_wconf 75' lang='lat' dir='ltr'>praeterea,</span> <span class='ocrx_word' id='word_1_22' title='bbox 311 476 355 522; x_wconf 87' lang='lat' dir='ltr'>sut</span> <span class='ocrx_word' id='word_1_23' title='bbox 364 475 465 531; x_wconf 81' lang='lat' dir='ltr'>supplex</span> <span class='ocrx_word' id='word_1_24' title='bbox 474 475 524 522; x_wconf 83' lang='lat' dir='ltr'>eris</span> <span class='ocrx_word' id='word_1_25' title='bbox 533 475 641 531; x_wconf 88' lang='lat' dir='ltr'>imponet</span> <span class='ocrx_word' id='word_1_26' title='bbox 649 473 796 522; x_wconf 78' lang='lat' dir='ltr'>honoreml&#39;</span> 
     </span>
    </p>

    <p class='ocr_par' dir='ltr' id='par_1_3' title="bbox 129 542 842 874">
     <span class='ocr_line' id='line_1_5' title="bbox 129 542 747 598; baseline 0 -9"><span class='ocrx_word' id='word_1_27' title='bbox 129 561 153 598; x_wconf 80' lang='lat'>50</span> <span class='ocrx_word' id='word_1_28' title='bbox 194 544 264 591; x_wconf 82' lang='lat' dir='ltr'>Tulis</span> <span class='ocrx_word' id='word_1_29' title='bbox 273 544 397 591; x_wconf 79' lang='lat' dir='ltr'>flammato</span> <span class='ocrx_word' id='word_1_30' title='bbox 406 559 487 591; x_wconf 86' lang='lat' dir='ltr'>seeum</span> <span class='ocrx_word' id='word_1_31' title='bbox 497 544 542 591; x_wconf 84' lang='lat' dir='ltr'>des</span> <span class='ocrx_word' id='word_1_32' title='bbox 552 545 623 591; x_wconf 86' lang='lat' dir='ltr'>eorde</span> <span class='ocrx_word' id='word_1_33' title='bbox 633 542 747 590; x_wconf 76' lang='lat' dir='ltr'>volutans</span> 
     </span>
     <span class='ocr_line' id='line_1_6' title="bbox 165 610 842 668; baseline -0.001 -9"><span class='ocrx_word' id='word_1_34' title='bbox 165 613 300 659; x_wconf 87' lang='lat' dir='ltr'><strong>nimborum</strong></span> <span class='ocrx_word' id='word_1_35' title='bbox 311 613 337 659; x_wconf 87' lang='lat' dir='ltr'>in</span> <span class='ocrx_word' id='word_1_36' title='bbox 346 612 460 668; x_wconf 82' lang='lat' dir='ltr'>putrium,</span> <span class='ocrx_word' id='word_1_37' title='bbox 469 612 521 659; x_wconf 83' lang='lat' dir='ltr'>loos</span> <span class='ocrx_word' id='word_1_38' title='bbox 528 612 581 659; x_wconf 83' lang='lat' dir='ltr'>feta</span> <span class='ocrx_word' id='word_1_39' title='bbox 590 612 729 658; x_wconf 78' lang='lat' dir='ltr'>furentibus</span> <span class='ocrx_word' id='word_1_40' title='bbox 734 610 842 667; x_wconf 75' lang='lat' dir='ltr'>Austris,</span> 
     </span>
     <span class='ocr_line' id='line_1_7' title="bbox 165 680 753 728; baseline 0.002 -1"><span class='ocrx_word' id='word_1_41' title='bbox 165 681 274 728; x_wconf 75' lang='lat' dir='ltr'><strong>Aeoliam</strong></span> <span class='ocrx_word' id='word_1_42' title='bbox 285 681 360 728; x_wconf 87' lang='lat' dir='ltr'>venit.</span> <span class='ocrx_word' id='word_1_43' title='bbox 390 681 439 728; x_wconf 86' lang='lat' dir='ltr'>Hie</span> <span class='ocrx_word' id='word_1_44' title='bbox 448 686 518 728; x_wconf 82' lang='lat' dir='ltr'>vesto</span> <span class='ocrx_word' id='word_1_45' title='bbox 525 696 569 728; x_wconf 87' lang='lat' dir='ltr'>rex</span> <span class='ocrx_word' id='word_1_46' title='bbox 579 680 669 728; x_wconf 80' lang='lat' dir='ltr'>Aeolus</span> <span class='ocrx_word' id='word_1_47' title='bbox 679 681 753 728; x_wconf 79' lang='lat' dir='ltr'>antro</span> 
     </span>
     <span class='ocr_line' id='line_1_8' title="bbox 164 749 705 805; baseline 0.002 -10"><span class='ocrx_word' id='word_1_48' title='bbox 164 749 287 796; x_wconf 86' lang='lat' dir='ltr'>luotentes</span> <span class='ocrx_word' id='word_1_49' title='bbox 296 751 382 796; x_wconf 85' lang='lat' dir='ltr'>ventos</span> <span class='ocrx_word' id='word_1_50' title='bbox 392 751 595 805; x_wconf 73' lang='lat' dir='ltr'>tempestatesque</span> <span class='ocrx_word' id='word_1_51' title='bbox 605 764 705 796; x_wconf 80' lang='lat' dir='ltr'>sonores</span> 
     </span>
     <span class='ocr_line' id='line_1_9' title="bbox 164 816 746 874; baseline 0 -10"><span class='ocrx_word' id='word_1_52' title='bbox 164 817 266 872; x_wconf 90' lang='lat' dir='ltr'>imperio</span> <span class='ocrx_word' id='word_1_53' title='bbox 274 817 371 874; x_wconf 87' lang='lat' dir='ltr'>premit,</span> <span class='ocrx_word' id='word_1_54' title='bbox 382 833 411 864; x_wconf 88' lang='lat' dir='ltr'>uo</span> <span class='ocrx_word' id='word_1_55' title='bbox 420 817 505 864; x_wconf 83' lang='lat' dir='ltr'>vinclis</span> <span class='ocrx_word' id='word_1_56' title='bbox 515 820 541 865; x_wconf 89' lang='lat' dir='ltr'>et</span> <span class='ocrx_word' id='word_1_57' title='bbox 551 832 645 864; x_wconf 78' lang='lat' dir='ltr'>earcere</span> <span class='ocrx_word' id='word_1_58' title='bbox 655 816 746 864; x_wconf 82' lang='lat' dir='ltr'>frenet.</span> 
     </span>
    </p>

    <p class='ocr_par' dir='ltr' id='par_1_4' title="bbox 165 885 845 1214">
     <span class='ocr_line' id='line_1_10' title="bbox 165 885 767 942; baseline -0.002 -10"><span class='ocrx_word' id='word_1_59' title='bbox 165 885 206 932; x_wconf 90' lang='lat' dir='ltr'>Illi</span> <span class='ocrx_word' id='word_1_60' title='bbox 213 885 368 942; x_wconf 75' lang='lat' dir='ltr'>indignantes</span> <span class='ocrx_word' id='word_1_61' title='bbox 379 901 466 942; x_wconf 75' lang='lat' dir='ltr'>msgno</span> <span class='ocrx_word' id='word_1_62' title='bbox 476 901 531 933; x_wconf 88' lang='lat' dir='ltr'>oum</span> <span class='ocrx_word' id='word_1_63' title='bbox 541 901 666 932; x_wconf 82' lang='lat' dir='ltr'>murmure</span> <span class='ocrx_word' id='word_1_64' title='bbox 677 887 767 932; x_wconf 88' lang='lat' dir='ltr'>montis</span> 
     </span>
     <span class='ocr_line' id='line_1_11' title="bbox 166 953 828 1010; baseline -0.002 -10"><span class='ocrx_word' id='word_1_65' title='bbox 166 953 255 1001; x_wconf 87' lang='lat' dir='ltr'>oireum</span> <span class='ocrx_word' id='word_1_66' title='bbox 266 954 373 1001; x_wconf 81' lang='lat' dir='ltr'>claustra</span> <span class='ocrx_word' id='word_1_67' title='bbox 382 954 506 1010; x_wconf 84' lang='lat' dir='ltr'>fremunt;</span> <span class='ocrx_word' id='word_1_68' title='bbox 521 953 585 1001; x_wconf 80' lang='lat' dir='ltr'>eelsa</span> <span class='ocrx_word' id='word_1_69' title='bbox 594 953 662 1001; x_wconf 88' lang='lat' dir='ltr'>sedet</span> <span class='ocrx_word' id='word_1_70' title='bbox 671 953 763 1000; x_wconf 80' lang='lat' dir='ltr'>Aeolus</span> <span class='ocrx_word' id='word_1_71' title='bbox 772 967 828 1000; x_wconf 83' lang='lat' dir='ltr'>eree</span> 
     </span>
     <span class='ocr_line' id='line_1_12' title="bbox 166 1021 845 1079; baseline -0.001 -11"><span class='ocrx_word' id='word_1_72' title='bbox 166 1025 263 1078; x_wconf 77' lang='lat' dir='ltr'>seeptro</span> <span class='ocrx_word' id='word_1_73' title='bbox 271 1024 365 1079; x_wconf 85' lang='lat' dir='ltr'>tenens,</span> <span class='ocrx_word' id='word_1_74' title='bbox 376 1023 500 1078; x_wconf 66' lang='lat' dir='ltr'>mollitque</span> <span class='ocrx_word' id='word_1_75' title='bbox 510 1023 603 1070; x_wconf 85' lang='lat' dir='ltr'>enimes</span> <span class='ocrx_word' id='word_1_76' title='bbox 612 1023 638 1069; x_wconf 92' lang='lat' dir='ltr'>et</span> <span class='ocrx_word' id='word_1_77' title='bbox 648 1022 771 1077; x_wconf 86' lang='lat' dir='ltr'>temperet</span> <span class='ocrx_word' id='word_1_78' title='bbox 781 1021 845 1068; x_wconf 81' lang='lat' dir='ltr'>ires:</span> 
     </span>
     <span class='ocr_line' id='line_1_13' title="bbox 165 1088 808 1147; baseline -0.002 -11"><span class='ocrx_word' id='word_1_79' title='bbox 165 1089 192 1136; x_wconf 93' lang='lat' dir='ltr'>ni</span> <span class='ocrx_word' id='word_1_80' title='bbox 201 1090 284 1147; x_wconf 76' lang='lat' dir='ltr'>faciut,</span> <span class='ocrx_word' id='word_1_81' title='bbox 295 1090 373 1137; x_wconf 81' lang='lat' dir='ltr'>muris</span> <span class='ocrx_word' id='word_1_82' title='bbox 382 1105 411 1138; x_wconf 85' lang='lat' dir='ltr'>uo</span> <span class='ocrx_word' id='word_1_83' title='bbox 420 1093 499 1138; x_wconf 82' lang='lat' dir='ltr'>terras</span> <span class='ocrx_word' id='word_1_84' title='bbox 509 1089 649 1145; x_wconf 80' lang='lat' dir='ltr'>coelumque</span> <span class='ocrx_word' id='word_1_85' title='bbox 658 1088 808 1146; x_wconf 83' lang='lat' dir='ltr'>profundum</span> 
     </span>
     <span class='ocr_line' id='line_1_14' title="bbox 166 1157 826 1214; baseline -0.005 -10"><span class='ocrx_word' id='word_1_86' title='bbox 166 1158 252 1214; x_wconf 88' lang='lat' dir='ltr'>quippe</span> <span class='ocrx_word' id='word_1_87' title='bbox 261 1157 343 1205; x_wconf 83' lang='lat' dir='ltr'>ferunt</span> <span class='ocrx_word' id='word_1_88' title='bbox 352 1158 430 1214; x_wconf 81' lang='lat' dir='ltr'>rapidi</span> <span class='ocrx_word' id='word_1_89' title='bbox 440 1173 521 1206; x_wconf 81' lang='lat' dir='ltr'>secum</span> <span class='ocrx_word' id='word_1_90' title='bbox 531 1159 676 1212; x_wconf 62' lang='lat' dir='ltr'>verumne</span> <span class='ocrx_word' id='word_1_91' title='bbox 686 1171 826 1212; x_wconf 76' lang='lat' dir='ltr'>pensurus:</span> 
     </span>
    </p>

    <p class='ocr_par' dir='ltr' id='par_1_5' title="bbox 130 1225 803 1488">
     <span class='ocr_line' id='line_1_15' title="bbox 130 1225 767 1283; baseline -0.003 -9"><span class='ocrx_word' id='word_1_92' title='bbox 130 1236 155 1274; x_wconf 87' lang='lat'>60</span> <span class='ocrx_word' id='word_1_93' title='bbox 166 1225 209 1272; x_wconf 89' lang='lat' dir='ltr'>sed</span> <span class='ocrx_word' id='word_1_94' title='bbox 219 1227 293 1273; x_wconf 82' lang='lat' dir='ltr'>Potor</span> <span class='ocrx_word' id='word_1_95' title='bbox 302 1226 453 1282; x_wconf 86' lang='lat' dir='ltr'>omnipotens</span> <span class='ocrx_word' id='word_1_96' title='bbox 463 1226 583 1283; x_wconf 81' lang='lat' dir='ltr'>speluncis</span> <span class='ocrx_word' id='word_1_97' title='bbox 592 1225 686 1273; x_wconf 83' lang='lat' dir='ltr'>abdidit</span> <span class='ocrx_word' id='word_1_98' title='bbox 696 1225 767 1282; x_wconf 77' lang='lat' dir='ltr'>stris,</span> 
     </span>
     <span class='ocr_line' id='line_1_16' title="bbox 166 1293 803 1352; baseline -0.002 -12"><span class='ocrx_word' id='word_1_99' title='bbox 166 1294 211 1343; x_wconf 80' lang='lat' dir='ltr'>hoc</span> <span class='ocrx_word' id='word_1_100' title='bbox 221 1297 339 1352; x_wconf 87' lang='lat' dir='ltr'>metuens,</span> <span class='ocrx_word' id='word_1_101' title='bbox 350 1295 483 1351; x_wconf 85' lang='lat' dir='ltr'>molemque</span> <span class='ocrx_word' id='word_1_102' title='bbox 490 1297 516 1342; x_wconf 89' lang='lat' dir='ltr'>et</span> <span class='ocrx_word' id='word_1_103' title='bbox 525 1296 620 1342; x_wconf 88' lang='lat' dir='ltr'>montes</span> <span class='ocrx_word' id='word_1_104' title='bbox 629 1294 730 1350; x_wconf 86' lang='lat' dir='ltr'>insuper</span> <span class='ocrx_word' id='word_1_105' title='bbox 739 1293 803 1340; x_wconf 85' lang='lat' dir='ltr'>sltos</span> 
     </span>
     <span class='ocr_line' id='line_1_17' title="bbox 166 1362 749 1421; baseline 0.002 -12"><span class='ocrx_word' id='word_1_106' title='bbox 166 1363 289 1421; x_wconf 74' lang='lat' dir='ltr'>imposuit,</span> <span class='ocrx_word' id='word_1_107' title='bbox 300 1379 427 1420; x_wconf 74' lang='lat' dir='ltr'>regemque</span> <span class='ocrx_word' id='word_1_108' title='bbox 437 1363 511 1420; x_wconf 85' lang='lat' dir='ltr'>dedit,</span> <span class='ocrx_word' id='word_1_109' title='bbox 522 1363 563 1419; x_wconf 87' lang='lat' dir='ltr'>qui</span> <span class='ocrx_word' id='word_1_110' title='bbox 572 1362 669 1410; x_wconf 89' lang='lat' dir='ltr'>foedere</span> <span class='ocrx_word' id='word_1_111' title='bbox 680 1364 749 1410; x_wconf 83' lang='lat' dir='ltr'>uerte</span> 
     </span>
     <span class='ocr_line' id='line_1_18' title="bbox 167 1430 792 1488; baseline -0.003 -9"><span class='ocrx_word' id='word_1_112' title='bbox 167 1433 192 1479; x_wconf 88' lang='lat' dir='ltr'>et</span> <span class='ocrx_word' id='word_1_113' title='bbox 202 1447 311 1488; x_wconf 77' lang='lat' dir='ltr'>premere</span> <span class='ocrx_word' id='word_1_114' title='bbox 321 1433 346 1479; x_wconf 84' lang='lat' dir='ltr'>et</span> <span class='ocrx_word' id='word_1_115' title='bbox 355 1432 423 1479; x_wconf 82' lang='lat' dir='ltr'>laxus</span> <span class='ocrx_word' id='word_1_116' title='bbox 434 1431 507 1479; x_wconf 87' lang='lat' dir='ltr'>eoiret</span> <span class='ocrx_word' id='word_1_117' title='bbox 516 1433 574 1479; x_wconf 77' lang='lat' dir='ltr'>dure</span> <span class='ocrx_word' id='word_1_118' title='bbox 584 1431 664 1477; x_wconf 87' lang='lat' dir='ltr'>iussus</span> <span class='ocrx_word' id='word_1_119' title='bbox 677 1430 792 1478; x_wconf 76' lang='lat' dir='ltr'>hebenus.</span> 
     </span>
    </p>

    <p class='ocr_par' dir='ltr' id='par_1_6' title="bbox 133 1498 847 2641">
     <span class='ocr_line' id='line_1_19' title="bbox 167 1498 805 1556; baseline -0.002 -10"><span class='ocrx_word' id='word_1_120' title='bbox 167 1499 207 1547; x_wconf 80' lang='lat' dir='ltr'>Ad</span> <span class='ocrx_word' id='word_1_121' title='bbox 217 1516 287 1556; x_wconf 85' lang='lat' dir='ltr'>quem</span> <span class='ocrx_word' id='word_1_122' title='bbox 296 1501 350 1547; x_wconf 94' lang='lat' dir='ltr'>tum</span> <span class='ocrx_word' id='word_1_123' title='bbox 360 1501 422 1547; x_wconf 91' lang='lat' dir='ltr'>Iuno</span> <span class='ocrx_word' id='word_1_124' title='bbox 432 1499 534 1556; x_wconf 85' lang='lat' dir='ltr'>supplex</span> <span class='ocrx_word' id='word_1_125' title='bbox 543 1499 580 1546; x_wconf 93' lang='lat' dir='ltr'>his</span> <span class='ocrx_word' id='word_1_126' title='bbox 590 1498 688 1546; x_wconf 76' lang='lat' dir='ltr'>vocibus</span> <span class='ocrx_word' id='word_1_127' title='bbox 698 1514 744 1546; x_wconf 82' lang='lat' dir='ltr'>usu</span> <span class='ocrx_word' id='word_1_128' title='bbox 753 1499 805 1546; x_wconf 84' lang='lat' dir='ltr'>est:</span> 
     </span>
     <span class='ocr_line' id='line_1_20' title="bbox 196 1567 845 1626; baseline -0.003 -10"><span class='ocrx_word' id='word_1_129' title='bbox 196 1568 292 1626; x_wconf 87' lang='lat' dir='ltr'>‘Aeole,</span> <span class='ocrx_word' id='word_1_130' title='bbox 301 1584 404 1625; x_wconf 86' lang='lat' dir='ltr'>numque</span> <span class='ocrx_word' id='word_1_131' title='bbox 411 1569 457 1616; x_wconf 90' lang='lat' dir='ltr'>tibi</span> <span class='ocrx_word' id='word_1_132' title='bbox 466 1568 548 1616; x_wconf 86' lang='lat' dir='ltr'>divum</span> <span class='ocrx_word' id='word_1_133' title='bbox 558 1568 634 1614; x_wconf 84' lang='lat' dir='ltr'>Peter</span> <span class='ocrx_word' id='word_1_134' title='bbox 640 1570 713 1624; x_wconf 83' lang='lat' dir='ltr'>utque</span> <span class='ocrx_word' id='word_1_135' title='bbox 719 1567 845 1615; x_wconf 86' lang='lat' dir='ltr'>hominum</span> 
     </span>
     <span class='ocr_line' id='line_1_21' title="bbox 224 1653 529 1685; baseline 0 -1"><span class='ocrx_word' id='word_1_136' title='bbox 224 1653 267 1685; x_wconf 87' lang='lat' dir='ltr'>rex</span> <span class='ocrx_word' id='word_1_137' title='bbox 527 1671 529 1673; x_wconf 91' lang='lat'>-</span> 
     </span>
     <span class='ocr_line' id='line_1_22' title="bbox 167 1703 704 1761; baseline 0 -9"><span class='ocrx_word' id='word_1_138' title='bbox 167 1707 193 1752; x_wconf 90' lang='lat' dir='ltr'>et</span> <span class='ocrx_word' id='word_1_139' title='bbox 202 1706 307 1754; x_wconf 84' lang='lat' dir='ltr'>mulcere</span> <span class='ocrx_word' id='word_1_140' title='bbox 317 1707 384 1754; x_wconf 85' lang='lat' dir='ltr'>dedit</span> <span class='ocrx_word' id='word_1_141' title='bbox 393 1707 481 1754; x_wconf 84' lang='lat' dir='ltr'>fluctus</span> <span class='ocrx_word' id='word_1_142' title='bbox 491 1707 518 1753; x_wconf 89' lang='lat' dir='ltr'>et</span> <span class='ocrx_word' id='word_1_143' title='bbox 527 1703 612 1752; x_wconf 86' lang='lat' dir='ltr'>tollere</span> <span class='ocrx_word' id='word_1_144' title='bbox 622 1706 704 1761; x_wconf 84' lang='lat' dir='ltr'>vento,</span> 
     </span>
     <span class='ocr_line' id='line_1_23' title="bbox 167 1773 784 1832; baseline -0.006 -10"><span class='ocrx_word' id='word_1_145' title='bbox 167 1789 227 1831; x_wconf 80' lang='lat' dir='ltr'>gens</span> <span class='ocrx_word' id='word_1_146' title='bbox 236 1775 334 1821; x_wconf 81' lang='lat' dir='ltr'>inimice</span> <span class='ocrx_word' id='word_1_147' title='bbox 344 1775 404 1822; x_wconf 88' lang='lat' dir='ltr'>mihi</span> <span class='ocrx_word' id='word_1_148' title='bbox 414 1775 568 1832; x_wconf 74' lang='lat' dir='ltr'>Tyrrhenum</span> <span class='ocrx_word' id='word_1_149' title='bbox 577 1773 678 1830; x_wconf 73' lang='lat' dir='ltr'>naviget</span> <span class='ocrx_word' id='word_1_150' title='bbox 687 1786 784 1828; x_wconf 74' lang='lat' dir='ltr'>aequor,</span> 
     </span>
     <span class='ocr_line' id='line_1_24' title="bbox 168 1841 759 1900; baseline -0.007 -10"><span class='ocrx_word' id='word_1_151' title='bbox 168 1843 242 1890; x_wconf 85' lang='lat' dir='ltr'>Ilium</span> <span class='ocrx_word' id='word_1_152' title='bbox 252 1842 278 1889; x_wconf 92' lang='lat' dir='ltr'>in</span> <span class='ocrx_word' id='word_1_153' title='bbox 288 1843 387 1890; x_wconf 85' lang='lat' dir='ltr'>Ituliem</span> <span class='ocrx_word' id='word_1_154' title='bbox 397 1845 497 1900; x_wconf 72' lang='lat' dir='ltr'>portans</span> <span class='ocrx_word' id='word_1_155' title='bbox 507 1841 630 1897; x_wconf 84' lang='lat' dir='ltr'>victosque</span> <span class='ocrx_word' id='word_1_156' title='bbox 640 1841 759 1888; x_wconf 71' lang='lat' dir='ltr'>Penatess</span> 
     </span>
     <span class='ocr_line' id='line_1_25' title="bbox 167 1909 785 1965; baseline -0.008 -6"><span class='ocrx_word' id='word_1_157' title='bbox 167 1911 250 1959; x_wconf 83' lang='lat' dir='ltr'>incute</span> <span class='ocrx_word' id='word_1_158' title='bbox 260 1911 309 1958; x_wconf 77' lang='lat' dir='ltr'>vim</span> <span class='ocrx_word' id='word_1_159' title='bbox 319 1912 398 1959; x_wconf 87' lang='lat' dir='ltr'>ventis</span> <span class='ocrx_word' id='word_1_160' title='bbox 408 1911 590 1965; x_wconf 85' lang='lat' dir='ltr'>submersusque</span> <span class='ocrx_word' id='word_1_161' title='bbox 599 1909 674 1956; x_wconf 88' lang='lat' dir='ltr'>obrue</span> <span class='ocrx_word' id='word_1_162' title='bbox 684 1921 785 1965; x_wconf 84' lang='lat' dir='ltr'>puppes,</span> 
     </span>
     <span class='ocr_line' id='line_1_26' title="bbox 133 1978 716 2038; baseline -0.009 -9"><span class='ocrx_word' id='word_1_163' title='bbox 133 2003 158 2038; x_wconf 86' lang='lat'>70</span> <span class='ocrx_word' id='word_1_164' title='bbox 169 1981 213 2026; x_wconf 80' lang='lat' dir='ltr'>sut</span> <span class='ocrx_word' id='word_1_165' title='bbox 226 1995 271 2036; x_wconf 80' lang='lat' dir='ltr'>ege</span> <span class='ocrx_word' id='word_1_166' title='bbox 281 1981 386 2028; x_wconf 88' lang='lat' dir='ltr'>diversos</span> <span class='ocrx_word' id='word_1_167' title='bbox 397 1981 423 2028; x_wconf 88' lang='lat' dir='ltr'>et</span> <span class='ocrx_word' id='word_1_168' title='bbox 432 1979 513 2027; x_wconf 89' lang='lat' dir='ltr'>disiioe</span> <span class='ocrx_word' id='word_1_169' title='bbox 523 1992 624 2034; x_wconf 81' lang='lat' dir='ltr'>corpora</span> <span class='ocrx_word' id='word_1_170' title='bbox 633 1978 716 2032; x_wconf 84' lang='lat' dir='ltr'>ponto.</span> 
     </span>
     <span class='ocr_line' id='line_1_27' title="bbox 170 2041 845 2104; baseline -0.009 -9"><span class='ocrx_word' id='word_1_171' title='bbox 170 2048 233 2095; x_wconf 87' lang='lat' dir='ltr'>Sunt</span> <span class='ocrx_word' id='word_1_172' title='bbox 243 2048 302 2095; x_wconf 92' lang='lat' dir='ltr'>mihi</span> <span class='ocrx_word' id='word_1_173' title='bbox 311 2048 348 2095; x_wconf 91' lang='lat' dir='ltr'>bis</span> <span class='ocrx_word' id='word_1_174' title='bbox 358 2050 450 2104; x_wconf 88' lang='lat' dir='ltr'>septem</span> <span class='ocrx_word' id='word_1_175' title='bbox 460 2045 595 2103; x_wconf 79' lang='lat' dir='ltr'>praestanti</span> <span class='ocrx_word' id='word_1_176' title='bbox 601 2059 700 2101; x_wconf 82' lang='lat' dir='ltr'>corpore</span> <span class='ocrx_word' id='word_1_177' title='bbox 707 2041 845 2100; x_wconf 76' lang='lat' dir='ltr'>Nymphae,</span> 
     </span>
     <span class='ocr_line' id='line_1_28' title="bbox 169 2112 731 2172; baseline -0.011 -9"><span class='ocrx_word' id='word_1_178' title='bbox 169 2132 272 2172; x_wconf 77' lang='lat' dir='ltr'>quorum</span> <span class='ocrx_word' id='word_1_179' title='bbox 282 2131 343 2171; x_wconf 84' lang='lat' dir='ltr'>queo</span> <span class='ocrx_word' id='word_1_180' title='bbox 352 2116 431 2163; x_wconf 82' lang='lat' dir='ltr'>forms</span> <span class='ocrx_word' id='word_1_181' title='bbox 441 2113 605 2170; x_wconf 78' lang='lat' dir='ltr'>pulcherrime</span> <span class='ocrx_word' id='word_1_182' title='bbox 616 2112 731 2169; x_wconf 82' lang='lat' dir='ltr'>Deiopea,</span> 
     </span>
     <span class='ocr_line' id='line_1_29' title="bbox 169 2179 838 2242; baseline -0.012 -10"><span class='ocrx_word' id='word_1_183' title='bbox 169 2185 269 2232; x_wconf 91' lang='lat' dir='ltr'>oonubio</span> <span class='ocrx_word' id='word_1_184' title='bbox 279 2185 379 2242; x_wconf 77' lang='lat' dir='ltr'>iungam</span> <span class='ocrx_word' id='word_1_185' title='bbox 389 2182 471 2230; x_wconf 80' lang='lat' dir='ltr'>stabili</span> <span class='ocrx_word' id='word_1_186' title='bbox 479 2180 650 2238; x_wconf 80' lang='lat' dir='ltr'>propriumque</span> <span class='ocrx_word' id='word_1_187' title='bbox 659 2179 752 2235; x_wconf 77' lang='lat' dir='ltr'>dicabo,</span> <span class='ocrx_word' id='word_1_188' title='bbox 835 2202 838 2207; x_wconf 94' lang='lat'>·</span> 
     </span>
     <span class='ocr_line' id='line_1_30' title="bbox 169 2249 724 2306; baseline -0.011 -6"><span class='ocrx_word' id='word_1_189' title='bbox 169 2268 251 2300; x_wconf 87' lang='lat' dir='ltr'>omnes</span> <span class='ocrx_word' id='word_1_190' title='bbox 261 2254 289 2299; x_wconf 85' lang='lat' dir='ltr'>ut</span> <span class='ocrx_word' id='word_1_191' title='bbox 298 2254 380 2300; x_wconf 86' lang='lat' dir='ltr'>teoum</span> <span class='ocrx_word' id='word_1_192' title='bbox 387 2251 480 2298; x_wconf 85' lang='lat' dir='ltr'>meritis</span> <span class='ocrx_word' id='word_1_193' title='bbox 490 2265 535 2306; x_wconf 89' lang='lat' dir='ltr'>pro</span> <span class='ocrx_word' id='word_1_194' title='bbox 544 2249 634 2296; x_wconf 85' lang='lat' dir='ltr'>tslibus</span> <span class='ocrx_word' id='word_1_195' title='bbox 647 2261 724 2295; x_wconf 82' lang='lat' dir='ltr'>annos</span> 
     </span>
     <span class='ocr_line' id='line_1_31' title="bbox 168 2314 751 2378; baseline -0.015 -8"><span class='ocrx_word' id='word_1_196' title='bbox 168 2322 250 2378; x_wconf 78' lang='lat' dir='ltr'>exigat</span> <span class='ocrx_word' id='word_1_197' title='bbox 260 2322 285 2369; x_wconf 90' lang='lat' dir='ltr'>et</span> <span class='ocrx_word' id='word_1_198' title='bbox 294 2319 397 2378; x_wconf 78' lang='lat' dir='ltr'>pulchra</span> <span class='ocrx_word' id='word_1_199' title='bbox 405 2318 481 2366; x_wconf 78' lang='lat' dir='ltr'>faeiat</span> <span class='ocrx_word' id='word_1_200' title='bbox 491 2319 517 2365; x_wconf 90' lang='lat' dir='ltr'>te</span> <span class='ocrx_word' id='word_1_201' title='bbox 526 2316 594 2373; x_wconf 86' lang='lat' dir='ltr'>prole</span> <span class='ocrx_word' id='word_1_202' title='bbox 605 2314 751 2372; x_wconf 68' lang='lat' dir='ltr'>parentem!</span> 
     </span>
     <span class='ocr_line' id='line_1_32' title="bbox 195 2382 847 2442; baseline -0.011 -6"><span class='ocrx_word' id='word_1_203' title='bbox 195 2389 285 2437; x_wconf 79' lang='lat' dir='ltr'>Aeolus</span> <span class='ocrx_word' id='word_1_204' title='bbox 308 2388 368 2436; x_wconf 84' lang='lat' dir='ltr'>hoeo</span> <span class='ocrx_word' id='word_1_205' title='bbox 389 2388 474 2435; x_wconf 81' lang='lat' dir='ltr'>eontra</span> <span class='ocrx_word' id='word_1_206' title='bbox 485 2407 490 2434; x_wconf 73' lang='grc' dir='ltr'><strong>ε</strong></span> <span class='ocrx_word' id='word_1_207' title='bbox 521 2385 528 2408; x_wconf 78' lang='lat'><strong><em>⁴</em></strong></span> <span class='ocrx_word' id='word_1_208' title='bbox 538 2385 614 2442; x_wconf 83' lang='lat' dir='ltr'>Tuus,</span> <span class='ocrx_word' id='word_1_209' title='bbox 635 2384 657 2432; x_wconf 90' lang='grc' dir='ltr'><strong>Ο</strong></span> <span class='ocrx_word' id='word_1_210' title='bbox 676 2383 768 2441; x_wconf 71' lang='lat' dir='ltr'>regino,</span> <span class='ocrx_word' id='word_1_211' title='bbox 790 2382 847 2439; x_wconf 92' lang='lat' dir='ltr'>quid</span> 
     </span>
     <span class='ocr_line' id='line_1_33' title="bbox 225 2459 302 2515; baseline 0 -11"><span class='ocrx_word' id='word_1_212' title='bbox 225 2459 302 2515; x_wconf 89' lang='lat' dir='ltr'>optes,</span> 
     </span>
     <span class='ocr_line' id='line_1_34' title="bbox 169 2520 773 2581; baseline -0.01 -9"><span class='ocrx_word' id='word_1_213' title='bbox 169 2525 293 2580; x_wconf 81' lang='lat' dir='ltr'>explorare</span> <span class='ocrx_word' id='word_1_214' title='bbox 303 2526 384 2581; x_wconf 80' lang='lat' dir='ltr'>lebor3</span> <span class='ocrx_word' id='word_1_215' title='bbox 400 2524 460 2572; x_wconf 88' lang='lat' dir='ltr'>mihi</span> <span class='ocrx_word' id='word_1_216' title='bbox 468 2523 535 2571; x_wconf 82' lang='lat' dir='ltr'>iussu</span> <span class='ocrx_word' id='word_1_217' title='bbox 544 2535 669 2578; x_wconf 84' lang='lat' dir='ltr'>oupessere</span> <span class='ocrx_word' id='word_1_218' title='bbox 678 2520 717 2567; x_wconf 81' lang='lat' dir='ltr'>fes</span> <span class='ocrx_word' id='word_1_219' title='bbox 727 2522 773 2567; x_wconf 83' lang='lat' dir='ltr'>est.</span> 
     </span>
     <span class='ocr_line' id='line_1_35' title="bbox 218 2593 288 2641; baseline 0 0"><span class='ocrx_word' id='word_1_220' title='bbox 218 2593 226 2641; x_wconf 91' lang='lat'>(</span> <span class='ocrx_word' id='word_1_221' title='bbox 236 2595 288 2641; x_wconf 80' lang='lat'>114)</span> 
     </span>
    </p>
   </div>
   <div class='ocr_carea' id='block_1_3' title="bbox 0 0 994 3164">
    <p class='ocr_par' dir='ltr' id='par_1_7' title="bbox 0 0 994 3164">
     <span class='ocr_line' id='line_1_36' title="bbox 0 0 994 3164; baseline 0 0"><span class='ocrx_word' id='word_1_222' title='bbox 0 0 994 3164; x_wconf 95' lang='lat' dir='ltr'> </span> 
     </span>
    </p>
   </div>
  </div>
 </body>
</html>
