1972 3164
334 338 357 378 Ρ,
369 337 490 380 vultum
502 340 631 383 ussoms

143 434 238 492 antiqui
247 435 386 494 Laurentis,
397 453 518 496 opacaque
526 439 580 488 ilice
589 441 682 488 tectum
692 460 697 489 :

143 503 183 550 hie
193 504 239 551 dea
248 519 273 552 se
283 505 389 560 primum
398 506 484 562 rapido
493 507 657 564 pulcherrimo
665 509 723 556 nisu

143 571 209 618 sistit
219 574 244 620 et
253 573 387 620 Arruntem
395 574 490 622 tumulo
498 575 638 631 speculatur
646 578 679 624 ab
689 579 749 625 alto.

144 639 181 687 Ut
190 641 251 689 vidit
260 641 394 698 fulgentem
404 643 478 690 armis
488 658 516 690 uo
525 659 590 690 vana
598 645 745 703 tumentem,

146 708 152 730 ‘
162 709 227 756 (lur’
238 709 316 765 inquit
327 709 449 757 ‘diversus
459 710 527 758 abiel
542 712 590 759 huc
599 711 676 768 dirige
686 728 807 770 gressum,

144 776 192 824 huo
202 777 309 833 periture
318 778 382 834 veni,
392 777 473 834 capias
482 780 511 825 ut
521 779 595 836 digna
605 779 721 828 Camillae

144 846 259 902 praemia.
289 846 359 894 Tune
369 846 443 894 etiam
451 846 507 894 telis
516 848 618 896 moriere
628 849 756 897 Diuuaei’

144 913 223 971 Dixit,
233 916 259 962 et
266 916 354 962 eurota
362 914 484 962 volucrem
495 915 609 963 Threissa
618 916 737 973 sagittam

144 981 293 1039 deprompsit
302 983 426 1040 pheretro,
438 998 558 1039 cornuque
567 984 664 1032 infensa
673 985 781 1033 tetendit

97 1060 134 1100 eoo
144 1051 170 1097 et
179 1050 250 1098 duxit
259 1051 339 1108 louge,
349 1051 424 1098 donec
434 1051 536 1098 curvate
546 1052 638 1100 coirent

143 1118 209 1165 iuter
218 1133 244 1166 se
253 1119 335 1175 cupita
344 1120 369 1166 et
378 1118 490 1166 menibus
499 1119 549 1166 iam
558 1121 671 1178 taugeret
682 1121 773 1178 aequis,

143 1186 213 1234 hova
221 1187 298 1235 aciem
306 1187 374 1244 ferri,
384 1187 472 1234 dextra
480 1203 600 1244 nervoque
610 1189 735 1245 pupillam·

144 1255 275 1312 Extemplo
283 1257 327 1304 teli
336 1256 464 1304 stridorem
474 1272 593 1312 aurasque
603 1259 718 1305 sonantes

144 1324 222 1372 eudiit
231 1339 281 1371 unu
290 1325 395 1380 Arruns,
404 1323 529 1380 haesitque
539 1325 565 1372 in
574 1339 673 1381 corpore
683 1324 786 1372 ferrum.

144 1391 219 1438 lllum
228 1391 391 1448 exspirantem
401 1392 459 1440 socii
468 1393 541 1448 etque
551 1395 660 1441 extrema
669 1394 808 1449 gementem

143 1460 213 1508 obliti
222 1461 305 1517 ignoto
316 1476 455 1517 camporum
464 1461 491 1508 iu
500 1462 599 1519 pulvere
608 1462 732 1518 linquunt,

144 1528 203 1584 Opis
213 1529 245 1576 ad
254 1528 388 1577 aetherium
398 1529 483 1586 pennis
492 1529 604 1577 aufertur
613 1529 754 1586 Olympum.

172 1596 255 1644 Prima
264 1597 329 1653 fugit
337 1597 435 1645 domina
444 1597 532 1645 amissa
541 1598 600 1645 levis
610 1597 650 1644 ala
658 1597 776 1644 Camillae
786 1615 792 1653 3

143 1664 238 1711 turbati
246 1665 346 1723 fugiunt
355 1665 451 1722 Rutuli,
462 1665 527 1722 fugit
536 1681 592 1713 acer
601 1665 699 1722 Atinas,

96 1733 134 1782 ⁸70
143 1733 282 1789 disiectique
292 1734 364 1781 duces
374 1733 521 1790 desolatique
530 1733 631 1789 manipli

144 1802 200 1848 tuta
209 1803 304 1859 petunt,
315 1804 340 1849 et
350 1801 417 1858 equis
427 1800 506 1849 aversi
514 1802 546 1849 od
555 1801 649 1848 moenie
658 1801 774 1848 tendunt.

143 1869 325 1926 Necquisquum
334 1870 455 1917 instantes
465 1871 571 1918 Teucros
580 1869 704 1925 letumque
713 1868 820 1916 ferentes

143 1938 280 1984 sustentare
289 1937 356 1985 valet
365 1937 420 1985 telis
430 1940 474 1986 aut
484 1937 568 1985 sistere
578 1940 672 1995 contre,

143 2005 184 2052 sed
192 2005 259 2052 laxos
268 2004 381 2052 referunt
390 2006 481 2053 umeris
490 2005 662 2065 languentibus
673 2021 753 2062 arcus,

143 2073 371 2130 quadrupedumque
399 2076 497 2130 putrem
525 2090 598 2122 cursu
621 2074 701 2130 quatit
727 2072 821 2129 ungula

199 2158 318 2198 campum.

143 2211 257 2258 Volvitur
266 2211 298 2258 ad
307 2225 389 2259 muros
399 2210 504 2266 caligine
510 2211 622 2258 turbidus
632 2212 689 2258 atra

143 2279 231 2336 pulvis,
242 2281 267 2327 et
277 2295 290 2327 e
300 2279 402 2334 speculis
413 2294 539 2334 percussae
549 2281 649 2335 pectora
657 2279 751 2324 matres

143 2347 274 2394 femineum
284 2348 412 2395 clamorem
422 2348 454 2394 ud
463 2348 524 2395 caeli
533 2348 612 2394 sidera
620 2346 719 2394 tollunt.

144 2416 191 2472 Qui
201 2431 274 2467 eursu
283 2418 366 2472 portas
376 2415 448 2471 primi
457 2415 567 2470 irrupere
576 2416 696 2471 patentes,

96 2483 133 2521 880
143 2483 186 2530 hos
196 2484 293 2531 inimica
303 2499 375 2539 super
384 2483 460 2530 mixto
469 2483 558 2538 premit
567 2482 664 2539 agmine
673 2480 763 2537 turbu3

143 2566 188 2598 uec
197 2552 309 2598 miseram
319 2551 440 2607 effugiunt
449 2552 560 2607 mortem,
571 2549 613 2597 sed
622 2548 705 2596 limine
715 2549 741 2594 iu
751 2549 813 2606 ipso,

143 2619 266 2667 moenibus
276 2620 302 2667 in
311 2619 397 2676 patriis
406 2621 479 2674 atque
488 2618 554 2666 iuter
562 2619 620 2666 tuta
629 2617 756 2664 domorum

191 2687 200 2735 (
208 2700 243 2736 402
253 2688 261 2734 )
