1972 3164
443 330 465 369 P.
478 329 598 371 VERGILI
610 331 738 372 MARONIS

253 429 288 475 At
296 427 380 484 liquidi
390 428 470 477 fontes
480 432 504 477 ot
515 431 603 489 stagna
616 432 720 479 virentia
729 446 812 480 museo

253 497 333 544 adsint
343 499 368 545 et
377 499 458 545 tenuis
468 499 563 555 fugiens
573 515 617 554 per
625 500 736 557 gramine
745 501 820 558 rivus,

216 581 241 606 20
254 565 381 622 palmaque
387 567 533 615 vestibulum
541 569 585 614 eut
592 567 677 624 ingens
685 568 789 616 oleaster
795 569 929 628 inumbret,

254 637 291 692 ut,
303 651 357 682 oum
367 636 446 692 prima
455 635 512 682 novi
521 637 611 683 ducent
621 637 732 684 examina
741 652 809 694 reges

254 718 310 750 vere
320 719 371 760 suo,
382 703 495 760 indemne
505 703 567 751 favis
577 704 665 751 emissa
673 705 795 762 iuventus,

254 772 334 820 vicina
343 771 431 818 invitet
440 772 553 820 decedere
563 772 617 828 ripa
626 772 708 830 calori,

253 841 369 896 obviaque
380 840 488 896 hospitiis
497 842 581 888 teneat
591 840 759 889 frondentibus
769 843 848 891 arbos.

255 909 286 956 In
295 910 408 966 medium,
417 925 460 957 seu
469 909 545 957 stabit
555 909 620 956 iners
630 925 672 957 seu
682 911 785 966 profluet
794 928 873 968 umor,

254 979 405 1025 transversas
416 978 498 1026 salioes
509 980 534 1026 et
543 979 645 1035 grandia
655 979 744 1027 ooniiee
754 995 821 1037 saxa,

255 1046 368 1102 pontibus
378 1049 407 1093 ut
417 1047 506 1094 crebris
516 1047 609 1103 possint
618 1047 748 1094 ooneistere
759 1050 784 1095 et
793 1049 845 1096 alas

255 1115 359 1170 pandere
369 1114 400 1161 ad
409 1115 529 1162 aestivum
539 1115 620 1172 solem,
632 1115 653 1162 ei
661 1115 725 1163 forte
735 1119 858 1164 morantes

255 1177 371 1232 sparserit
381 1179 425 1224 aut
434 1194 548 1234 praeceps
558 1180 675 1234 Neptuno
683 1179 830 1227 immerserit
839 1181 930 1227 Eurus.

220 1261 244 1296 ³0
256 1246 324 1292 Haeo
334 1245 423 1292 oiroum
434 1247 511 1294 casiae
521 1247 609 1294 virides
619 1250 645 1294 et
654 1246 745 1295 olentia
754 1247 803 1295 lete

255 1313 360 1369 serpylla
369 1316 394 1361 et
403 1316 512 1372 graviter
522 1315 636 1372 spirantis
646 1315 715 1371 eopia
724 1316 852 1372 thymbrae

256 1383 348 1440 floreat,
359 1383 525 1440 irriguumque
535 1384 622 1431 bibant
630 1384 732 1431 violaria
743 1384 846 1431 fontem.

254 1452 313 1509 Ipsa
322 1453 412 1510 autem,
423 1469 465 1501 seu
475 1453 604 1501 corticibus
613 1453 659 1500 tibi
668 1455 726 1500 suta
735 1453 828 1501 oavatis

256 1537 299 1568 seu
308 1521 374 1568 lento
383 1522 474 1569 tuerint
484 1522 576 1569 alvaria
585 1521 674 1569 vimine
684 1523 761 1579 texta,

256 1591 372 1646 angustos
382 1590 488 1638 habeant
498 1590 592 1638 editus:
607 1605 664 1637 nam
674 1589 765 1646 frigore
774 1589 848 1636 melia

256 1658 321 1714 cogit
331 1658 432 1717 hiemps,
443 1659 572 1715 eademque
582 1658 648 1706 ordor
657 1658 790 1715 liquefacta
796 1658 911 1706 remittit.

257 1725 366 1781 Utraque
375 1727 411 1774 vis
421 1727 505 1784 apibus
516 1727 608 1783 pariter
617 1727 762 1782 metuenda3
776 1742 853 1783 neque
862 1727 918 1774 illae

258 1794 401 1850 nequiquam
411 1796 437 1842 in
446 1797 517 1844 tectis
527 1795 640 1843 sertatim
649 1795 732 1842 tenuia
742 1811 797 1842 oera

258 1861 406 1918 spiramenta
415 1864 504 1922 linunt,
515 1864 617 1919 fucoque
627 1866 652 1911 et
662 1863 760 1911 floribus
770 1878 825 1911 oras

222 1947 247 1983 4ο
258 1930 364 1990 explent,
376 1932 548 1989 collectumque
558 1933 618 1980 haee
626 1932 681 1988 ipsa
690 1932 722 1979 ad
736 1948 838 1980 munera
846 1933 933 1990 gluten

258 2000 283 2046 et
292 2000 357 2046 visco
366 2003 392 2048 et
401 2001 522 2058 Phrygiae
532 2003 630 2048 servant
640 2000 693 2057 pioe
702 2000 790 2048 lentius
801 2001 868 2049 Ides·

259 2073 334 2126 Saepe
343 2070 417 2117 etiam
427 2069 527 2128 effossis,
539 2070 559 2117 si
569 2085 627 2117 vera
637 2072 675 2117 est
683 2069 759 2126 fama,
770 2069 870 2116 latebris

258 2141 303 2189 snb
313 2141 380 2186 terra
390 2138 470 2186 fovere
480 2139 564 2197 larem,
575 2138 718 2195 penitusque
728 2138 839 2193 repertae

258 2207 439 2265 pumicibusque
449 2207 513 2254 eavis
524 2222 654 2263 exesaeque
664 2206 757 2254 arboris
767 2207 847 2254 antro.

259 2279 297 2325 Tu
306 2278 389 2324 temen
399 2279 424 2323 et
433 2275 481 2323 levi
490 2276 580 2324 rimosa
589 2276 678 2324 cubilia
687 2275 744 2322 lim0

258 2360 340 2404 ungue
349 2344 434 2391 fovens
443 2344 544 2401 circum,
552 2346 578 2391 et
586 2359 655 2391 raras
665 2343 806 2400 superiuiice
814 2344 920 2391 frondes.

259 2415 315 2462 Neu
324 2413 422 2470 propius
432 2412 504 2460 teotis
513 2414 599 2459 taxum
609 2413 668 2470 sine,
679 2427 738 2460 neve
748 2412 864 2460 rubentes

259 2497 303 2528 ure
312 2482 366 2528 fooo
376 2495 483 2537 canoros,
494 2480 559 2527 altae
568 2496 616 2526 neu
625 2481 695 2527 crede
705 2479 796 2537 paludi,

260 2551 304 2596 aut
314 2548 355 2595 ubi
364 2549 423 2596 odor
432 2548 499 2596 oaeni
508 2548 589 2605 gravis
599 2550 644 2595 ant
652 2548 696 2595 ubi
705 2563 811 2595 concava
819 2548 893 2604 pulsu

225 2633 249 2669 50
261 2631 320 2663 saxa
329 2617 417 2663 sonant
426 2615 536 2671 vocisque
546 2615 638 2663 offensa
647 2615 751 2663 resultat
759 2615 848 2671 imago.

309 2682 367 2732 (94)
