<?xml version="1.0" encoding="UTF-8"?>
<!DOCTYPE html PUBLIC "-//W3C//DTD XHTML 1.0 Transitional//EN"
    "http://www.w3.org/TR/xhtml1/DTD/xhtml1-transitional.dtd">
<html xmlns="http://www.w3.org/1999/xhtml" xml:lang="en" lang="en">
 <head>
  <title>
</title>
<meta http-equiv="Content-Type" content="text/html;charset=utf-8" />
  <meta name='ocr-system' content='tesseract 3.04.00' />
  <meta name='ocr-capabilities' content='ocr_page ocr_carea ocr_par ocr_line ocrx_word'/>
</head>
<body>
  <div class='ocr_page' id='page_1' title='image "./pvergilimaronis07virggoog_0315.png"; bbox 0 0 1972 3164; ppageno 0'>
   <div class='ocr_carea' id='block_1_1' title="bbox 335 181 632 223">
    <p class='ocr_par' dir='ltr' id='par_1_1' title="bbox 335 181 632 223">
     <span class='ocr_line' id='line_1_1' title="bbox 335 181 632 223; baseline 0 -1"><span class='ocrx_word' id='word_1_1' title='bbox 335 183 358 222; x_wconf 82' lang='grc' dir='ltr'><strong>Ρ.</strong></span> <span class='ocrx_word' id='word_1_2' title='bbox 371 181 491 223; x_wconf 81' lang='lat' dir='ltr'><strong>VERGILI</strong></span> <span class='ocrx_word' id='word_1_3' title='bbox 504 181 632 222; x_wconf 65' lang='lat' dir='ltr'><strong>nasonis</strong></span> 
     </span>
    </p>
   </div>
   <div class='ocr_carea' id='block_1_2' title="bbox 100 279 825 684">
    <p class='ocr_par' dir='ltr' id='par_1_2' title="bbox 100 279 825 684">
     <span class='ocr_line' id='line_1_2' title="bbox 147 279 711 337; baseline 0.002 -11"><span class='ocrx_word' id='word_1_4' title='bbox 147 280 271 336; x_wconf 73' lang='lat' dir='ltr'><strong>ingentem</strong></span> <span class='ocrx_word' id='word_1_5' title='bbox 280 281 381 328; x_wconf 80' lang='lat' dir='ltr'><strong>Aenean</strong></span> <span class='ocrx_word' id='word_1_6' title='bbox 390 280 468 337; x_wconf 85' lang='lat' dir='ltr'><strong>duxit,</strong></span> <span class='ocrx_word' id='word_1_7' title='bbox 479 280 611 336; x_wconf 85' lang='lat' dir='ltr'><strong>stratisque</strong></span> <span class='ocrx_word' id='word_1_8' title='bbox 620 279 711 328; x_wconf 81' lang='lat' dir='ltr'><strong>locavit</strong></span> 
     </span>
     <span class='ocr_line' id='line_1_3' title="bbox 148 348 672 405; baseline 0.004 -10"><span class='ocrx_word' id='word_1_9' title='bbox 148 349 261 396; x_wconf 84' lang='lat' dir='ltr'><strong>effultum</strong></span> <span class='ocrx_word' id='word_1_10' title='bbox 271 349 335 396; x_wconf 80' lang='lat' dir='ltr'><strong>foliis</strong></span> <span class='ocrx_word' id='word_1_11' title='bbox 344 350 370 397; x_wconf 94' lang='lat' dir='ltr'><strong>et</strong></span> <span class='ocrx_word' id='word_1_12' title='bbox 379 349 441 405; x_wconf 93' lang='lat' dir='ltr'><strong>pelle</strong></span> <span class='ocrx_word' id='word_1_13' title='bbox 451 348 581 405; x_wconf 72' lang='lat' dir='ltr'>Libystidis</span> <span class='ocrx_word' id='word_1_14' title='bbox 590 363 672 397; x_wconf 89' lang='lat' dir='ltr'><strong>ursae.</strong></span> 
     </span>
     <span class='ocr_line' id='line_1_4' title="bbox 176 417 768 473; baseline 0.003 -9"><span class='ocrx_word' id='word_1_15' title='bbox 176 418 233 465; x_wconf 86' lang='lat' dir='ltr'><strong>Nox</strong></span> <span class='ocrx_word' id='word_1_16' title='bbox 242 418 293 465; x_wconf 91' lang='lat' dir='ltr'><strong>ruit</strong></span> <span class='ocrx_word' id='word_1_17' title='bbox 303 419 328 465; x_wconf 92' lang='lat' dir='ltr'><strong>et</strong></span> <span class='ocrx_word' id='word_1_18' title='bbox 337 417 412 464; x_wconf 82' lang='lat' dir='ltr'><strong>fuscis</strong></span> <span class='ocrx_word' id='word_1_19' title='bbox 421 417 534 465; x_wconf 84' lang='lat' dir='ltr'><strong>tellurem</strong></span> <span class='ocrx_word' id='word_1_20' title='bbox 544 417 704 473; x_wconf 69' lang='lat' dir='ltr'>amplectitur</span> <span class='ocrx_word' id='word_1_21' title='bbox 713 418 768 466; x_wconf 83' lang='lat' dir='ltr'><strong>alis.</strong></span> 
     </span>
     <span class='ocr_line' id='line_1_5' title="bbox 100 485 813 544; baseline 0.004 -11"><span class='ocrx_word' id='word_1_22' title='bbox 100 508 138 544; x_wconf 81' lang='lat'><strong>370</strong></span> <span class='ocrx_word' id='word_1_23' title='bbox 150 487 185 533; x_wconf 88' lang='lat' dir='ltr'><strong>At</strong></span> <span class='ocrx_word' id='word_1_24' title='bbox 194 487 277 534; x_wconf 89' lang='lat' dir='ltr'><strong>Venus</strong></span> <span class='ocrx_word' id='word_1_25' title='bbox 287 485 352 532; x_wconf 85' lang='lat' dir='ltr'><strong>haud</strong></span> <span class='ocrx_word' id='word_1_26' title='bbox 359 485 440 532; x_wconf 87' lang='lat' dir='ltr'><strong>animo</strong></span> <span class='ocrx_word' id='word_1_27' title='bbox 448 485 593 542; x_wconf 77' lang='lat' dir='ltr'><strong>nequiquam</strong></span> <span class='ocrx_word' id='word_1_28' title='bbox 602 488 723 536; x_wconf 85' lang='lat' dir='ltr'><strong>exterrita</strong></span> <span class='ocrx_word' id='word_1_29' title='bbox 732 490 813 536; x_wconf 87' lang='lat' dir='ltr'><strong>mater</strong></span> 
     </span>
     <span class='ocr_line' id='line_1_6' title="bbox 149 553 732 610; baseline 0.003 -8"><span class='ocrx_word' id='word_1_30' title='bbox 149 555 347 610; x_wconf 76' lang='lat' dir='ltr'><strong>Laurentumque</strong></span> <span class='ocrx_word' id='word_1_31' title='bbox 357 553 428 601; x_wconf 88' lang='lat' dir='ltr'><strong>minis</strong></span> <span class='ocrx_word' id='word_1_32' title='bbox 438 555 463 601; x_wconf 92' lang='lat' dir='ltr'><strong>et</strong></span> <span class='ocrx_word' id='word_1_33' title='bbox 472 553 533 601; x_wconf 88' lang='lat' dir='ltr'><strong>duro</strong></span> <span class='ocrx_word' id='word_1_34' title='bbox 542 557 610 602; x_wconf 89' lang='lat' dir='ltr'><strong>mota</strong></span> <span class='ocrx_word' id='word_1_35' title='bbox 618 557 732 604; x_wconf 88' lang='lat' dir='ltr'><strong>tumultu</strong></span> 
     </span>
     <span class='ocr_line' id='line_1_7' title="bbox 150 622 825 684; baseline 0.006 -13"><span class='ocrx_word' id='word_1_36' title='bbox 150 624 287 671; x_wconf 88' lang='lat' dir='ltr'><strong>Vulcanum</strong></span> <span class='ocrx_word' id='word_1_37' title='bbox 307 622 447 680; x_wconf 76' lang='lat' dir='ltr'><strong>alloquitur,</strong></span> <span class='ocrx_word' id='word_1_38' title='bbox 467 622 621 681; x_wconf 68' lang='lat' dir='ltr'><strong>thalamoque</strong></span> <span class='ocrx_word' id='word_1_39' title='bbox 640 625 702 674; x_wconf 84' lang='lat' dir='ltr'><strong>haec</strong></span> <span class='ocrx_word' id='word_1_40' title='bbox 717 626 825 684; x_wconf 70' lang='lat' dir='ltr'><strong>coniugis</strong></span> 
     </span>
    </p>
   </div>
   <div class='ocr_carea' id='block_1_3' title="bbox 149 707 771 890">
    <p class='ocr_par' dir='ltr' id='par_1_3' title="bbox 149 707 771 890">
     <span class='ocr_line' id='line_1_8' title="bbox 149 707 702 818; baseline 0.005 -10"><span class='ocrx_word' id='word_1_41' title='bbox 149 707 349 817; x_wconf 55' lang='lat' dir='ltr'><strong>incipiiltueetodictis</strong></span> <span class='ocrx_word' id='word_1_42' title='bbox 357 760 466 808; x_wconf 81' lang='lat' dir='ltr'><strong>divinum</strong></span> <span class='ocrx_word' id='word_1_43' title='bbox 476 762 569 818; x_wconf 90' lang='lat' dir='ltr'><strong>aspirat</strong></span> <span class='ocrx_word' id='word_1_44' title='bbox 578 777 687 810; x_wconf 82' lang='lat' dir='ltr'><strong>amorem</strong></span> <span class='ocrx_word' id='word_1_45' title='bbox 696 784 702 811; x_wconf 75' lang='grc' dir='ltr'><strong><em>ι</em></strong></span> 
     </span>
     <span class='ocr_line' id='line_1_9' title="bbox 150 829 771 890; baseline 0.005 -14"><span class='ocrx_word' id='word_1_46' title='bbox 150 831 231 877; x_wconf 90' lang='lat' dir='ltr'><strong>‘Dum</strong></span> <span class='ocrx_word' id='word_1_47' title='bbox 241 830 304 877; x_wconf 90' lang='lat' dir='ltr'><strong>bello</strong></span> <span class='ocrx_word' id='word_1_48' title='bbox 313 829 420 886; x_wconf 73' lang='lat' dir='ltr'><strong>Argolici</strong></span> <span class='ocrx_word' id='word_1_49' title='bbox 429 831 560 877; x_wconf 81' lang='lat' dir='ltr'><strong>vastabant</strong></span> <span class='ocrx_word' id='word_1_50' title='bbox 570 830 691 888; x_wconf 77' lang='lat' dir='ltr'><strong>Pergama</strong></span> <span class='ocrx_word' id='word_1_51' title='bbox 700 847 771 890; x_wconf 76' lang='lat' dir='ltr'><strong>reges</strong></span> 
     </span>
    </p>
   </div>
   <div class='ocr_carea' id='block_1_4' title="bbox 149 898 758 1022">
    <p class='ocr_par' dir='ltr' id='par_1_4' title="bbox 149 898 758 1022">
     <span class='ocr_line' id='line_1_10' title="bbox 150 898 687 956; baseline 0.004 -11"><span class='ocrx_word' id='word_1_52' title='bbox 150 899 231 946; x_wconf 86' lang='lat' dir='ltr'><strong>debita</strong></span> <span class='ocrx_word' id='word_1_53' title='bbox 242 914 385 954; x_wconf 88' lang='lat' dir='ltr'><strong>casurasque</strong></span> <span class='ocrx_word' id='word_1_54' title='bbox 394 898 496 946; x_wconf 87' lang='lat' dir='ltr'><strong>inimicis</strong></span> <span class='ocrx_word' id='word_1_55' title='bbox 505 899 601 956; x_wconf 76' lang='lat' dir='ltr'><strong>ignibus</strong></span> <span class='ocrx_word' id='word_1_56' title='bbox 610 915 687 956; x_wconf 86' lang='lat' dir='ltr'><strong>arces,</strong></span> 
     </span>
     <span class='ocr_line' id='line_1_11' title="bbox 149 963 758 1022; baseline 0.007 -13"><span class='ocrx_word' id='word_1_57' title='bbox 149 978 199 1010; x_wconf 87' lang='lat' dir='ltr'><strong>non</strong></span> <span class='ocrx_word' id='word_1_58' title='bbox 208 963 285 1009; x_wconf 89' lang='lat' dir='ltr'><strong>ullum</strong></span> <span class='ocrx_word' id='word_1_59' title='bbox 296 963 413 1011; x_wconf 91' lang='lat' dir='ltr'><strong>auxilium</strong></span> <span class='ocrx_word' id='word_1_60' title='bbox 422 963 524 1020; x_wconf 88' lang='lat' dir='ltr'><strong>miseris,</strong></span> <span class='ocrx_word' id='word_1_61' title='bbox 533 978 582 1010; x_wconf 91' lang='lat' dir='ltr'><strong>non</strong></span> <span class='ocrx_word' id='word_1_62' title='bbox 590 979 662 1012; x_wconf 88' lang='lat' dir='ltr'><strong>arma</strong></span> <span class='ocrx_word' id='word_1_63' title='bbox 671 966 758 1022; x_wconf 74' lang='lat' dir='ltr'><strong>rogavi</strong></span> 
     </span>
    </p>
   </div>
   <div class='ocr_carea' id='block_1_5' title="bbox 104 1031 827 2464">
    <p class='ocr_par' dir='ltr' id='par_1_5' title="bbox 150 1031 751 1229">
     <span class='ocr_line' id='line_1_12' title="bbox 150 1031 751 1091; baseline 0.007 -13"><span class='ocrx_word' id='word_1_64' title='bbox 150 1031 211 1078; x_wconf 88' lang='lat' dir='ltr'><strong>artis</strong></span> <span class='ocrx_word' id='word_1_65' title='bbox 221 1032 319 1087; x_wconf 89' lang='lat' dir='ltr'><strong>opisque</strong></span> <span class='ocrx_word' id='word_1_66' title='bbox 328 1033 394 1088; x_wconf 86' lang='lat' dir='ltr'><strong>tuae,</strong></span> <span class='ocrx_word' id='word_1_67' title='bbox 405 1047 450 1079; x_wconf 90' lang='lat' dir='ltr'><strong>nec</strong></span> <span class='ocrx_word' id='word_1_68' title='bbox 459 1035 493 1088; x_wconf 89' lang='lat' dir='ltr'><strong>te,</strong></span> <span class='ocrx_word' id='word_1_69' title='bbox 504 1033 626 1080; x_wconf 86' lang='lat' dir='ltr'><strong>carissime</strong></span> <span class='ocrx_word' id='word_1_70' title='bbox 635 1034 751 1091; x_wconf 87' lang='lat' dir='ltr'><strong>coniunx,</strong></span> 
     </span>
     <span class='ocr_line' id='line_1_13' title="bbox 150 1100 675 1160; baseline 0.006 -14"><span class='ocrx_word' id='word_1_71' title='bbox 150 1100 301 1148; x_wconf 80' lang='lat' dir='ltr'><strong>incassumve</strong></span> <span class='ocrx_word' id='word_1_72' title='bbox 311 1102 366 1148; x_wconf 87' lang='lat' dir='ltr'><strong>tuos</strong></span> <span class='ocrx_word' id='word_1_73' title='bbox 375 1101 441 1148; x_wconf 82' lang='lat' dir='ltr'><strong>volui</strong></span> <span class='ocrx_word' id='word_1_74' title='bbox 451 1116 562 1149; x_wconf 84' lang='lat' dir='ltr'><strong>exercere</strong></span> <span class='ocrx_word' id='word_1_75' title='bbox 571 1101 675 1160; x_wconf 85' lang='lat' dir='ltr'><strong>labores,</strong></span> 
     </span>
     <span class='ocr_line' id='line_1_14' title="bbox 151 1169 718 1229; baseline 0.004 -13"><span class='ocrx_word' id='word_1_76' title='bbox 151 1169 261 1225; x_wconf 81' lang='lat' dir='ltr'><strong>quamvis</strong></span> <span class='ocrx_word' id='word_1_77' title='bbox 270 1171 296 1216; x_wconf 92' lang='lat' dir='ltr'><strong>et</strong></span> <span class='ocrx_word' id='word_1_78' title='bbox 305 1169 397 1216; x_wconf 87' lang='lat' dir='ltr'><strong>Priami</strong></span> <span class='ocrx_word' id='word_1_79' title='bbox 407 1170 518 1217; x_wconf 86' lang='lat' dir='ltr'><strong>deberem</strong></span> <span class='ocrx_word' id='word_1_80' title='bbox 528 1169 634 1225; x_wconf 88' lang='lat' dir='ltr'><strong>plurima</strong></span> <span class='ocrx_word' id='word_1_81' title='bbox 642 1171 718 1229; x_wconf 88' lang='lat' dir='ltr'><strong>natis,</strong></span> 
     </span>
    </p>

    <p class='ocr_par' dir='ltr' id='par_1_6' title="bbox 104 1238 827 1913">
     <span class='ocr_line' id='line_1_15' title="bbox 104 1238 716 1300; baseline 0.002 -14"><span class='ocrx_word' id='word_1_82' title='bbox 104 1253 141 1300; x_wconf 74' lang='lat'><strong>380</strong></span> <span class='ocrx_word' id='word_1_83' title='bbox 151 1240 177 1286; x_wconf 90' lang='lat' dir='ltr'><strong>at</strong></span> <span class='ocrx_word' id='word_1_84' title='bbox 187 1238 275 1285; x_wconf 89' lang='lat' dir='ltr'><strong>durum</strong></span> <span class='ocrx_word' id='word_1_85' title='bbox 286 1238 382 1286; x_wconf 84' lang='lat' dir='ltr'><strong>Aeneae</strong></span> <span class='ocrx_word' id='word_1_86' title='bbox 391 1238 509 1286; x_wconf 81' lang='lat' dir='ltr'><strong>flevissem</strong></span> <span class='ocrx_word' id='word_1_87' title='bbox 519 1253 589 1294; x_wconf 86' lang='lat' dir='ltr'><strong>saepe</strong></span> <span class='ocrx_word' id='word_1_88' title='bbox 598 1238 716 1287; x_wconf 87' lang='lat' dir='ltr'><strong>laborem.</strong></span> 
     </span>
     <span class='ocr_line' id='line_1_16' title="bbox 152 1307 771 1364; baseline 0 -9"><span class='ocrx_word' id='word_1_89' title='bbox 152 1308 225 1355; x_wconf 90' lang='lat' dir='ltr'><strong>Nunc</strong></span> <span class='ocrx_word' id='word_1_90' title='bbox 235 1307 299 1354; x_wconf 85' lang='lat' dir='ltr'><strong>Iovis</strong></span> <span class='ocrx_word' id='word_1_91' title='bbox 306 1307 412 1364; x_wconf 89' lang='lat' dir='ltr'><strong>imperiis</strong></span> <span class='ocrx_word' id='word_1_92' title='bbox 421 1308 571 1355; x_wconf 83' lang='lat' dir='ltr'><strong>Rutulorum</strong></span> <span class='ocrx_word' id='word_1_93' title='bbox 581 1307 693 1354; x_wconf 88' lang='lat' dir='ltr'><strong>constitit</strong></span> <span class='ocrx_word' id='word_1_94' title='bbox 702 1309 752 1356; x_wconf 84' lang='lat' dir='ltr'><strong>oris</strong></span> <span class='ocrx_word' id='word_1_95' title='bbox 765 1328 771 1355; x_wconf 78' lang='lat' dir='ltr'>z</span> 
     </span>
     <span class='ocr_line' id='line_1_17' title="bbox 152 1376 821 1433; baseline 0.003 -11"><span class='ocrx_word' id='word_1_96' title='bbox 152 1390 210 1433; x_wconf 76' lang='lat' dir='ltr'><strong>crgo</strong></span> <span class='ocrx_word' id='word_1_97' title='bbox 220 1376 303 1423; x_wconf 84' lang='lat' dir='ltr'><strong>eadem</strong></span> <span class='ocrx_word' id='word_1_98' title='bbox 313 1376 415 1432; x_wconf 77' lang='lat' dir='ltr'><strong>supplex</strong></span> <span class='ocrx_word' id='word_1_99' title='bbox 424 1376 493 1423; x_wconf 84' lang='lat' dir='ltr'><strong>venio</strong></span> <span class='ocrx_word' id='word_1_100' title='bbox 502 1376 528 1423; x_wconf 89' lang='lat' dir='ltr'><strong>et</strong></span> <span class='ocrx_word' id='word_1_101' title='bbox 537 1376 650 1422; x_wconf 86' lang='lat' dir='ltr'><strong>sanctum</strong></span> <span class='ocrx_word' id='word_1_102' title='bbox 660 1376 720 1423; x_wconf 89' lang='lat' dir='ltr'><strong>mihi</strong></span> <span class='ocrx_word' id='word_1_103' title='bbox 729 1392 821 1424; x_wconf 85' lang='lat' dir='ltr'><strong>numen</strong></span> 
     </span>
     <span class='ocr_line' id='line_1_18' title="bbox 152 1443 703 1502; baseline 0 -10"><span class='ocrx_word' id='word_1_104' title='bbox 152 1460 221 1492; x_wconf 86' lang='lat' dir='ltr'><strong>arma</strong></span> <span class='ocrx_word' id='word_1_105' title='bbox 230 1459 289 1501; x_wconf 76' lang='lat' dir='ltr'><strong>rogo</strong></span> <span class='ocrx_word' id='word_1_106' title='bbox 298 1445 410 1501; x_wconf 77' lang='lat' dir='ltr'><strong>genetrix</strong></span> <span class='ocrx_word' id='word_1_107' title='bbox 419 1446 486 1492; x_wconf 90' lang='lat' dir='ltr'><strong>nato.</strong></span> <span class='ocrx_word' id='word_1_108' title='bbox 517 1444 551 1491; x_wconf 78' lang='lat' dir='ltr'><strong>Te</strong></span> <span class='ocrx_word' id='word_1_109' title='bbox 560 1443 611 1490; x_wconf 87' lang='lat' dir='ltr'><strong>filia</strong></span> <span class='ocrx_word' id='word_1_110' title='bbox 620 1444 703 1502; x_wconf 86' lang='lat' dir='ltr'><strong>Nerei,</strong></span> 
     </span>
     <span class='ocr_line' id='line_1_19' title="bbox 151 1512 738 1569; baseline 0.003 -9"><span class='ocrx_word' id='word_1_111' title='bbox 151 1515 177 1560; x_wconf 95' lang='lat' dir='ltr'><strong>te</strong></span> <span class='ocrx_word' id='word_1_112' title='bbox 187 1513 267 1569; x_wconf 90' lang='lat' dir='ltr'><strong>potuit</strong></span> <span class='ocrx_word' id='word_1_113' title='bbox 277 1513 382 1561; x_wconf 72' lang='lat' dir='ltr'><strong>lacrima</strong></span> <span class='ocrx_word' id='word_1_114' title='bbox 393 1513 508 1560; x_wconf 81' lang='lat' dir='ltr'><strong>Tithonia</strong></span> <span class='ocrx_word' id='word_1_115' title='bbox 517 1512 614 1559; x_wconf 86' lang='lat' dir='ltr'><strong>flectere</strong></span> <span class='ocrx_word' id='word_1_116' title='bbox 624 1513 738 1562; x_wconf 88' lang='lat' dir='ltr'><strong>coniunx.</strong></span> 
     </span>
     <span class='ocr_line' id='line_1_20' title="bbox 152 1581 758 1639; baseline -0.002 -9"><span class='ocrx_word' id='word_1_117' title='bbox 152 1582 240 1639; x_wconf 84' lang='lat' dir='ltr'><strong>Aspice</strong></span> <span class='ocrx_word' id='word_1_118' title='bbox 249 1583 290 1638; x_wconf 92' lang='lat' dir='ltr'><strong>qui</strong></span> <span class='ocrx_word' id='word_1_119' title='bbox 300 1583 384 1630; x_wconf 90' lang='lat' dir='ltr'><strong>coeant</strong></span> <span class='ocrx_word' id='word_1_120' title='bbox 394 1581 484 1639; x_wconf 88' lang='lat' dir='ltr'><strong>populi,</strong></span> <span class='ocrx_word' id='word_1_121' title='bbox 494 1596 555 1637; x_wconf 85' lang='lat' dir='ltr'><strong>quae</strong></span> <span class='ocrx_word' id='word_1_122' title='bbox 565 1581 659 1628; x_wconf 88' lang='lat' dir='ltr'><strong>moenia</strong></span> <span class='ocrx_word' id='word_1_123' title='bbox 668 1581 758 1629; x_wconf 87' lang='lat' dir='ltr'><strong>clausis</strong></span> 
     </span>
     <span class='ocr_line' id='line_1_21' title="bbox 152 1649 827 1707; baseline 0 -9"><span class='ocrx_word' id='word_1_124' title='bbox 152 1652 245 1698; x_wconf 84' lang='lat' dir='ltr'><strong>ferrum</strong></span> <span class='ocrx_word' id='word_1_125' title='bbox 256 1653 345 1699; x_wconf 88' lang='lat' dir='ltr'><strong>acuant</strong></span> <span class='ocrx_word' id='word_1_126' title='bbox 354 1651 430 1707; x_wconf 86' lang='lat' dir='ltr'><strong>portis</strong></span> <span class='ocrx_word' id='word_1_127' title='bbox 440 1650 466 1696; x_wconf 90' lang='lat' dir='ltr'><strong>in</strong></span> <span class='ocrx_word' id='word_1_128' title='bbox 475 1665 514 1696; x_wconf 94' lang='lat' dir='ltr'><strong>me</strong></span> <span class='ocrx_word' id='word_1_129' title='bbox 523 1649 688 1704; x_wconf 82' lang='lat' dir='ltr'><strong>excidiumque</strong></span> <span class='ocrx_word' id='word_1_130' title='bbox 699 1652 827 1699; x_wconf 86' lang='lat' dir='ltr'><strong>meorum.&#39;</strong></span> 
     </span>
     <span class='ocr_line' id='line_1_22' title="bbox 153 1717 766 1774; baseline 0 -8"><span class='ocrx_word' id='word_1_131' title='bbox 153 1719 256 1767; x_wconf 82' lang='lat' dir='ltr'><strong>Dixerat</strong></span> <span class='ocrx_word' id='word_1_132' title='bbox 266 1722 292 1767; x_wconf 88' lang='lat' dir='ltr'><strong>et</strong></span> <span class='ocrx_word' id='word_1_133' title='bbox 302 1719 378 1766; x_wconf 88' lang='lat' dir='ltr'><strong>niveis</strong></span> <span class='ocrx_word' id='word_1_134' title='bbox 387 1719 444 1766; x_wconf 88' lang='lat' dir='ltr'><strong>hinc</strong></span> <span class='ocrx_word' id='word_1_135' title='bbox 453 1720 526 1774; x_wconf 88' lang='lat' dir='ltr'><strong>atque</strong></span> <span class='ocrx_word' id='word_1_136' title='bbox 535 1719 592 1766; x_wconf 90' lang='lat' dir='ltr'><strong>hinc</strong></span> <span class='ocrx_word' id='word_1_137' title='bbox 601 1717 658 1764; x_wconf 86' lang='lat' dir='ltr'><strong>diva</strong></span> <span class='ocrx_word' id='word_1_138' title='bbox 666 1717 766 1766; x_wconf 86' lang='lat' dir='ltr'><strong>lacertis</strong></span> 
     </span>
     <span class='ocr_line' id='line_1_23' title="bbox 154 1786 782 1844; baseline 0 -9"><span class='ocrx_word' id='word_1_139' title='bbox 154 1789 310 1836; x_wconf 81' lang='lat' dir='ltr'><strong>cunctantem</strong></span> <span class='ocrx_word' id='word_1_140' title='bbox 320 1788 434 1844; x_wconf 90' lang='lat' dir='ltr'><strong>amplexu</strong></span> <span class='ocrx_word' id='word_1_141' title='bbox 443 1787 511 1835; x_wconf 91' lang='lat' dir='ltr'><strong>molli</strong></span> <span class='ocrx_word' id='word_1_142' title='bbox 519 1787 594 1834; x_wconf 79' lang='lat' dir='ltr'><strong>fovet.</strong></span> <span class='ocrx_word' id='word_1_143' title='bbox 624 1786 672 1833; x_wconf 90' lang='lat' dir='ltr'><strong>Ille</strong></span> <span class='ocrx_word' id='word_1_144' title='bbox 680 1789 782 1842; x_wconf 88' lang='lat' dir='ltr'><strong>repente</strong></span> 
     </span>
     <span class='ocr_line' id='line_1_24' title="bbox 153 1854 749 1913; baseline -0.002 -10"><span class='ocrx_word' id='word_1_145' title='bbox 153 1856 246 1912; x_wconf 87' lang='lat' dir='ltr'><strong>accepit</strong></span> <span class='ocrx_word' id='word_1_146' title='bbox 256 1856 351 1903; x_wconf 81' lang='lat' dir='ltr'><strong>solitam</strong></span> <span class='ocrx_word' id='word_1_147' title='bbox 362 1856 493 1913; x_wconf 88' lang='lat' dir='ltr'><strong>flammam,</strong></span> <span class='ocrx_word' id='word_1_148' title='bbox 503 1857 621 1911; x_wconf 89' lang='lat' dir='ltr'><strong>notusque</strong></span> <span class='ocrx_word' id='word_1_149' title='bbox 631 1854 749 1902; x_wconf 81' lang='lat' dir='ltr'><strong>medullas</strong></span> 
     </span>
    </p>

    <p class='ocr_par' dir='ltr' id='par_1_7' title="bbox 106 1923 792 2464">
     <span class='ocr_line' id='line_1_25' title="bbox 106 1923 749 1984; baseline -0.006 -10"><span class='ocrx_word' id='word_1_150' title='bbox 106 1946 143 1984; x_wconf 82' lang='lat'><strong>390</strong></span> <span class='ocrx_word' id='word_1_151' title='bbox 153 1926 256 1974; x_wconf 81' lang='lat' dir='ltr'><strong>intravit</strong></span> <span class='ocrx_word' id='word_1_152' title='bbox 267 1925 333 1973; x_wconf 87' lang='lat' dir='ltr'><strong>calor</strong></span> <span class='ocrx_word' id='word_1_153' title='bbox 342 1927 367 1972; x_wconf 92' lang='lat' dir='ltr'><strong>et</strong></span> <span class='ocrx_word' id='word_1_154' title='bbox 376 1925 498 1972; x_wconf 77' lang='lat' dir='ltr'><strong>labefacta</strong></span> <span class='ocrx_word' id='word_1_155' title='bbox 507 1940 550 1980; x_wconf 89' lang='lat' dir='ltr'><strong>per</strong></span> <span class='ocrx_word' id='word_1_156' title='bbox 559 1939 614 1971; x_wconf 87' lang='lat' dir='ltr'><strong>ossa</strong></span> <span class='ocrx_word' id='word_1_157' title='bbox 623 1923 733 1970; x_wconf 88' lang='lat' dir='ltr'><strong>cucurrit</strong></span> <span class='ocrx_word' id='word_1_158' title='bbox 742 1944 749 1971; x_wconf 70' lang='grc' dir='ltr'>ε</span> 
     </span>
     <span class='ocr_line' id='line_1_26' title="bbox 153 1993 792 2050; baseline -0.002 -8"><span class='ocrx_word' id='word_1_159' title='bbox 153 2010 202 2042; x_wconf 89' lang='lat' dir='ltr'><strong>non</strong></span> <span class='ocrx_word' id='word_1_160' title='bbox 213 2010 280 2042; x_wconf 87' lang='lat' dir='ltr'><strong>secus</strong></span> <span class='ocrx_word' id='word_1_161' title='bbox 290 1996 362 2050; x_wconf 89' lang='lat' dir='ltr'><strong>atque</strong></span> <span class='ocrx_word' id='word_1_162' title='bbox 372 1994 429 2041; x_wconf 90' lang='lat' dir='ltr'><strong>olim</strong></span> <span class='ocrx_word' id='word_1_163' title='bbox 438 1993 533 2040; x_wconf 87' lang='lat' dir='ltr'><strong>tonitru</strong></span> <span class='ocrx_word' id='word_1_164' title='bbox 543 2008 596 2040; x_wconf 90' lang='lat' dir='ltr'><strong>cum</strong></span> <span class='ocrx_word' id='word_1_165' title='bbox 607 1993 682 2047; x_wconf 88' lang='lat' dir='ltr'><strong>rupta</strong></span> <span class='ocrx_word' id='word_1_166' title='bbox 691 2007 792 2041; x_wconf 87' lang='lat' dir='ltr'><strong>corusco</strong></span> 
     </span>
     <span class='ocr_line' id='line_1_27' title="bbox 153 2061 742 2121; baseline -0.005 -10"><span class='ocrx_word' id='word_1_167' title='bbox 153 2065 225 2121; x_wconf 77' lang='lat' dir='ltr'><strong>ignea</strong></span> <span class='ocrx_word' id='word_1_168' title='bbox 234 2064 297 2111; x_wconf 88' lang='lat' dir='ltr'><strong>rima</strong></span> <span class='ocrx_word' id='word_1_169' title='bbox 306 2063 399 2110; x_wconf 85' lang='lat' dir='ltr'><strong>micans</strong></span> <span class='ocrx_word' id='word_1_170' title='bbox 409 2061 529 2118; x_wconf 82' lang='lat' dir='ltr'><strong>percurrit</strong></span> <span class='ocrx_word' id='word_1_171' title='bbox 538 2061 629 2109; x_wconf 90' lang='lat' dir='ltr'><strong>lumine</strong></span> <span class='ocrx_word' id='word_1_172' title='bbox 638 2061 742 2108; x_wconf 84' lang='lat' dir='ltr'><strong>nimbos.</strong></span> 
     </span>
     <span class='ocr_line' id='line_1_28' title="bbox 155 2129 742 2181; baseline -0.007 0"><span class='ocrx_word' id='word_1_173' title='bbox 155 2133 235 2181; x_wconf 89' lang='lat' dir='ltr'><strong>Sensit</strong></span> <span class='ocrx_word' id='word_1_174' title='bbox 244 2133 310 2180; x_wconf 88' lang='lat' dir='ltr'><strong>laeta</strong></span> <span class='ocrx_word' id='word_1_175' title='bbox 320 2131 379 2179; x_wconf 89' lang='lat' dir='ltr'><strong>dolis</strong></span> <span class='ocrx_word' id='word_1_176' title='bbox 389 2133 415 2178; x_wconf 91' lang='lat' dir='ltr'><strong>et</strong></span> <span class='ocrx_word' id='word_1_177' title='bbox 424 2131 516 2177; x_wconf 83' lang='lat' dir='ltr'><strong>formae</strong></span> <span class='ocrx_word' id='word_1_178' title='bbox 526 2129 620 2177; x_wconf 87' lang='lat' dir='ltr'><strong>conscia</strong></span> <span class='ocrx_word' id='word_1_179' title='bbox 629 2129 742 2177; x_wconf 85' lang='lat' dir='ltr'><strong>coniunx.</strong></span> 
     </span>
     <span class='ocr_line' id='line_1_29' title="bbox 154 2199 729 2258; baseline -0.007 -10"><span class='ocrx_word' id='word_1_180' title='bbox 154 2202 217 2248; x_wconf 85' lang='lat' dir='ltr'><strong>Tum</strong></span> <span class='ocrx_word' id='word_1_181' title='bbox 227 2203 298 2258; x_wconf 87' lang='lat' dir='ltr'><strong>pater</strong></span> <span class='ocrx_word' id='word_1_182' title='bbox 307 2201 406 2247; x_wconf 87' lang='lat' dir='ltr'><strong>aeterno</strong></span> <span class='ocrx_word' id='word_1_183' title='bbox 415 2199 484 2246; x_wconf 82' lang='lat' dir='ltr'><strong>fatur</strong></span> <span class='ocrx_word' id='word_1_184' title='bbox 493 2199 619 2245; x_wconf 86' lang='lat' dir='ltr'><strong>devinctus</strong></span> <span class='ocrx_word' id='word_1_185' title='bbox 630 2213 711 2245; x_wconf 90' lang='lat' dir='ltr'><strong>amore</strong></span> <span class='ocrx_word' id='word_1_186' title='bbox 723 2218 729 2244; x_wconf 71' lang='grc' dir='ltr'><strong><em>ε</em></strong></span> 
     </span>
     <span class='ocr_line' id='line_1_30' title="bbox 155 2266 714 2327; baseline -0.011 -9"><span class='ocrx_word' id='word_1_187' title='bbox 155 2270 233 2327; x_wconf 79' lang='lat' dir='ltr'><strong>‘Quid</strong></span> <span class='ocrx_word' id='word_1_188' title='bbox 243 2285 327 2318; x_wconf 83' lang='lat' dir='ltr'><strong>causas</strong></span> <span class='ocrx_word' id='word_1_189' title='bbox 337 2269 399 2324; x_wconf 87' lang='lat' dir='ltr'><strong>petis</strong></span> <span class='ocrx_word' id='word_1_190' title='bbox 409 2283 440 2315; x_wconf 91' lang='lat' dir='ltr'><strong>ex</strong></span> <span class='ocrx_word' id='word_1_191' title='bbox 449 2268 514 2314; x_wconf 72' lang='lat' dir='ltr'><strong>alio?</strong></span> <span class='ocrx_word' id='word_1_192' title='bbox 543 2266 632 2314; x_wconf 83' lang='lat' dir='ltr'><strong>fiducia</strong></span> <span class='ocrx_word' id='word_1_193' title='bbox 642 2267 714 2313; x_wconf 89' lang='lat' dir='ltr'><strong>cessit</strong></span> 
     </span>
     <span class='ocr_line' id='line_1_31' title="bbox 154 2335 729 2396; baseline -0.005 -12"><span class='ocrx_word' id='word_1_194' title='bbox 154 2353 200 2394; x_wconf 92' lang='lat' dir='ltr'><strong>quo</strong></span> <span class='ocrx_word' id='word_1_195' title='bbox 210 2339 263 2396; x_wconf 88' lang='lat' dir='ltr'><strong>tibi,</strong></span> <span class='ocrx_word' id='word_1_196' title='bbox 275 2339 339 2396; x_wconf 83' lang='lat' dir='ltr'><strong>diva,</strong></span> <span class='ocrx_word' id='word_1_197' title='bbox 350 2337 413 2384; x_wconf 75' lang='lat' dir='ltr'><strong>mei?</strong></span> <span class='ocrx_word' id='word_1_198' title='bbox 442 2336 525 2383; x_wconf 86' lang='lat' dir='ltr'><strong>similis</strong></span> <span class='ocrx_word' id='word_1_199' title='bbox 535 2337 556 2382; x_wconf 83' lang='lat' dir='ltr'><strong>si</strong></span> <span class='ocrx_word' id='word_1_200' title='bbox 566 2351 625 2382; x_wconf 88' lang='lat' dir='ltr'><strong>cura</strong></span> <span class='ocrx_word' id='word_1_201' title='bbox 633 2335 729 2391; x_wconf 87' lang='lat' dir='ltr'><strong>fuisset,</strong></span> 
     </span>
     <span class='ocr_line' id='line_1_32' title="bbox 153 2404 772 2464; baseline -0.003 -10"><span class='ocrx_word' id='word_1_202' title='bbox 153 2408 207 2454; x_wconf 89' lang='lat' dir='ltr'><strong>tum</strong></span> <span class='ocrx_word' id='word_1_203' title='bbox 218 2423 310 2464; x_wconf 89' lang='lat' dir='ltr'><strong>quoque</strong></span> <span class='ocrx_word' id='word_1_204' title='bbox 320 2407 358 2454; x_wconf 84' lang='lat' dir='ltr'><strong>fas</strong></span> <span class='ocrx_word' id='word_1_205' title='bbox 369 2406 436 2452; x_wconf 87' lang='lat' dir='ltr'><strong>uobis</strong></span> <span class='ocrx_word' id='word_1_206' title='bbox 447 2406 553 2452; x_wconf 87' lang='lat' dir='ltr'><strong>Teucros</strong></span> <span class='ocrx_word' id='word_1_207' title='bbox 561 2420 657 2452; x_wconf 88' lang='lat' dir='ltr'><strong>armare</strong></span> <span class='ocrx_word' id='word_1_208' title='bbox 666 2404 755 2452; x_wconf 79' lang='lat' dir='ltr'><strong>fuisset</strong></span> <span class='ocrx_word' id='word_1_209' title='bbox 766 2426 772 2452; x_wconf 69' lang='grc' dir='ltr'><strong>ε</strong></span> 
     </span>
    </p>
   </div>
   <div class='ocr_carea' id='block_1_6' title="bbox 153 2473 796 2593">
    <p class='ocr_par' dir='ltr' id='par_1_8' title="bbox 153 2473 796 2593">
     <span class='ocr_line' id='line_1_33' title="bbox 153 2473 796 2592; baseline -0.003 -70"><span class='ocrx_word' id='word_1_210' title='bbox 153 2475 282 2592; x_wconf 53' lang='lat' dir='ltr'><strong>neo(Pig6te)r</strong></span> <span class='ocrx_word' id='word_1_211' title='bbox 292 2475 442 2531; x_wconf 88' lang='lat' dir='ltr'><strong>omnipotens</strong></span> <span class='ocrx_word' id='word_1_212' title='bbox 453 2474 550 2522; x_wconf 84' lang='lat' dir='ltr'><strong>Troiam</strong></span> <span class='ocrx_word' id='word_1_213' title='bbox 560 2489 605 2521; x_wconf 92' lang='lat' dir='ltr'><strong>nec</strong></span> <span class='ocrx_word' id='word_1_214' title='bbox 614 2474 668 2522; x_wconf 84' lang='lat' dir='ltr'><strong>fata</strong></span> <span class='ocrx_word' id='word_1_215' title='bbox 677 2473 796 2521; x_wconf 82' lang='lat' dir='ltr'><strong>vetabant</strong></span> 
     </span>
     <span class='ocr_line' id='line_1_34' title="bbox 219 2558 230 2593; baseline 0 0"><span class='ocrx_word' id='word_1_216' title='bbox 219 2558 230 2593; x_wconf 82' lang='lat'>3</span> 
     </span>
    </p>
   </div>
   <div class='ocr_carea' id='block_1_7' title="bbox 0 0 997 3164">
    <p class='ocr_par' dir='ltr' id='par_1_9' title="bbox 0 0 997 3164">
     <span class='ocr_line' id='line_1_35' title="bbox 0 0 997 3164; baseline 0 0"><span class='ocrx_word' id='word_1_217' title='bbox 0 0 997 3164; x_wconf 95' lang='lat' dir='ltr'><strong> </strong></span> 
     </span>
    </p>
   </div>
  </div>
 </body>
</html>
