1972 3164
340 232 342 236 Α
430 184 580 227 unoaomn
605 185 617 226 1

132 306 172 344 440
183 281 211 330 et
220 295 281 337 quae
291 295 361 329 mane
371 279 448 329 refert
457 281 483 329 st
493 296 554 338 quae
563 280 717 340 surgentibus
727 284 808 333 astris.

181 349 229 398 Ille
237 350 280 396 ubi
289 352 427 399 uaseentem
437 351 539 399 moeniis
549 352 681 400 variaverit
690 354 771 400 ortum

179 418 293 466 conditus
301 419 328 466 in
337 420 426 468 nubem
435 421 560 477 medioque
571 421 689 478 refugerit
698 421 764 478 orbe,

179 488 288 544 suspecti
296 488 342 535 tibi
350 489 399 536 sint
408 490 510 546 imbres3
525 505 629 545 namque
639 492 711 547 urget
720 490 751 537 ab
761 491 812 539 utto

178 557 352 614 arboribusque
362 559 467 614 satisque
477 559 557 606 Notus
567 559 693 615 peeorique
703 559 808 607 sinister.

178 626 233 673 Aut
243 626 285 673 ubi
294 627 339 673 sub
347 627 425 674 luoem
435 628 509 675 densa
518 628 583 676 inter
592 628 677 675 nubila
686 643 737 676 sese

178 693 269 741 diversi
277 697 391 750 rumpent
401 696 471 752 radii,
482 697 526 743 aut
535 696 577 743 ubi
586 696 677 752 pallida
686 698 771 754 surget

178 761 280 809 'Iitboui
289 777 399 810 eroeenm
409 763 518 820 linquens
528 764 626 812 Aurora
635 765 721 822 nubile,

179 829 228 877 heu
238 830 363 879 maletum
373 832 444 879 mites
454 832 567 880 defendet
576 833 705 890 pampinus
714 849 790 890 uvas;

178 900 233 945 tam
242 899 321 946 multa
329 899 356 946 in
365 901 435 948 testis
446 901 567 956 crepitans
577 901 633 948 salit
643 902 743 953 horrida
751 902 853 959 grando.

131 988 171 1026 ⁴50
179 967 226 1015 boe
235 968 318 1025 etiam,
328 983 423 1017 emenso
432 984 487 1016 cum
497 969 546 1016 iam
556 969 649 1018 desedit
659 970 769 1028 Olympo,

179 1036 299 1093 profuerit
308 1038 444 1085 meminisse
453 1038 530 1095 magis
539 1057 545 1095 ;
559 1054 616 1086 nam
626 1054 696 1094 saepe
706 1039 816 1087 videmus

177 1103 255 1160 ipsius
263 1105 290 1152 in
299 1105 370 1152 vultu
379 1106 457 1153 varios
467 1121 549 1154 errare
559 1107 649 1154 oolores
662 1125 668 1164 ς

178 1173 304 1220 caeruleus
312 1173 419 1228 pluviam
429 1174 567 1231 denuntiat,
577 1174 664 1231 igneus
674 1175 753 1223 Euros
763 1194 769 1231 ς

178 1240 217 1288 sin
227 1240 335 1288 maculae
344 1241 460 1297 incipient
470 1242 545 1290 rutilo
554 1243 711 1290 immiscet-ier
720 1243 779 1300 igni,

177 1309 261 1356 omnia
267 1310 320 1356 tum
330 1310 424 1366 pariter
433 1312 507 1358 vento
516 1311 650 1366 nimbisque
660 1312 751 1359 videbis

177 1378 281 1426 fervere.
310 1379 366 1426 Non
375 1379 418 1426 illa
425 1379 552 1435 quisquam
561 1394 600 1426 me
609 1380 681 1426 noete
690 1394 735 1434 per
744 1379 821 1426 altum

178 1447 215 1494 ire
224 1463 301 1504 neque
311 1464 327 1495 a
335 1450 403 1495 terra
412 1448 655 1505 moneat-eonvellere
664 1447 757 1495 funem.

178 1517 215 1564 At
225 1516 253 1574 si,
264 1532 318 1564 eum
328 1517 465 1573 referetque
475 1517 538 1565 diem
548 1517 681 1573 oondetque
690 1517 804 1573 relatum,

177 1585 273 1633 lucidus
282 1586 345 1633 orbis
356 1585 412 1643 erit,
423 1586 519 1633 frustra
528 1586 653 1634 terrebere
663 1586 759 1643 nimbis,

130 1665 168 1712 ⁴⁶0
178 1655 205 1702 et
216 1654 281 1702 eluro
290 1654 363 1702 silvas
373 1669 457 1702 oernes
466 1654 587 1710 Aquilone
596 1655 696 1703 moveri.

179 1722 291 1779 Denique
301 1723 358 1778 quid
367 1738 454 1778 vesper
463 1738 531 1770 serus
540 1723 622 1780 vehat,
633 1724 697 1771 uude
708 1739 805 1771 serenas

177 1792 267 1838 ventus
276 1792 335 1847 agat
344 1790 429 1847 nubes,
440 1791 498 1846 quid
508 1791 598 1847 eogitet
611 1792 708 1838 umidus
717 1791 818 1847 Auster,

177 1857 214 1906 sol
224 1858 270 1905 tibi
279 1857 349 1915 signa
358 1857 435 1905 dubit.
465 1858 545 1905 Solem
554 1859 607 1914 quis
618 1859 696 1906 dioere
706 1859 796 1906 falsum

178 1927 286 1975 audeat?
312 1927 358 1974 Ille
368 1926 442 1973 etiam
453 1942 536 1975 oaeoos
546 1927 638 1975 instare
648 1928 769 1975 tumultus

177 2010 250 2052 saepe
274 1996 355 2041 monet
380 1994 538 2051 fraudemque
563 1996 588 2043 et
613 1997 699 2051 operta
718 1997 853 2049 tumescere

178 2132 224 2180 Ele
234 2133 309 2179 etium
318 2132 439 2180 exstineto
448 2132 578 2180 miseratus
588 2133 691 2181 Caesare
701 2132 814 2188 Romam,

178 2213 234 2245 eum
244 2200 318 2253 eaput
328 2197 431 2245 obseura
440 2198 546 2245 nitidum
555 2198 680 2254 ferrugine
690 2197 762 2254 texit,

178 2265 299 2322 impiaque
309 2268 435 2314 aeternam
445 2267 582 2314 timuerunt
592 2265 689 2314 saecula
698 2266 802 2311 noctem.

178 2335 297 2390 Tempore
307 2350 452 2391 quamquam
462 2335 503 2382 illo
520 2334 593 2381 tellus
606 2348 699 2389 quoque
714 2333 740 2378 et
749 2343 854 2387 aequora

235 2404 304 2459 ponti

130 2488 168 2525 470
178 2472 342 2528 obscenaeque
352 2475 424 2521 naues
433 2473 633 2528 importunaeque
642 2469 752 2517 volueres

228 2539 287 2591 (⁵³)
