1972 3164
301 194 411 236 AENEIS.
437 197 493 236 VIII

60 292 177 348 quattuor
186 307 202 338 a
211 292 313 340 stabulis
322 294 458 349 praestanti
468 309 566 350 corpore
575 296 658 342 tauros

60 360 160 417 avertit,
170 360 271 408 totidem
281 362 360 409 forma
370 365 501 418 superante
510 363 624 411 iuvencas
635 385 640 411 ι

61 431 135 486 atqpe
144 428 196 487 hos,
206 444 237 477 ne
246 445 295 486 qua
304 431 384 478 forent
394 431 494 487 pedibus
505 432 607 488 vestigia
616 433 698 488 rectis,

10 517 50 544 κιο
62 497 141 546 cauda
147 497 173 544 in
183 498 323 554 speluncam
332 501 425 547 tractes
434 500 556 557 versisque
566 501 662 548 viarum

60 566 156 613 indiciis
166 568 249 623 raptos
259 583 317 614 saxo
327 568 464 615 occultabat
473 583 562 624 opacos

60 635 188 691 quaerenti
197 635 265 682 nulla
275 636 307 683 ad
317 636 455 692 speluncam
465 637 535 694 signa
544 637 664 687 ferebant.

59 703 167 761 Interea,
177 719 233 752 cnm
242 704 291 751 iam
301 705 403 751 stabulis
413 707 525 753 saturata
533 707 641 755 moveret

59 771 292 828 Amphitryoniades
302 777 414 822 armenta
423 775 563 832 abitumque
574 779 682 834 pararet,

58 840 167 888 discessu
176 842 272 901 mugire
284 843 365 901 bores,
376 845 448 899 atque
458 859 527 892 omne
537 844 649 900 querellis

57 908 156 965 impleri
164 925 259 969 nemus,
270 913 295 959 et
306 911 378 960 colles
388 912 491 960 clamore
500 913 612 969 relinqui.

58 976 174 1026 Reddidit
181 995 232 1027 una
240 980 313 1027 boum
321 996 404 1028 vocem
413 985 530 1037 vastoque
541 981 586 1028 sub
596 984 668 1029 antro

58 1047 148 1105 mugiit
157 1050 183 1096 et
191 1049 249 1096 Caci
258 1065 327 1106 spem
337 1050 460 1097 custodita
469 1049 566 1098 fefellit.

59 1115 108 1163 Hic
118 1131 176 1164 vero
184 1116 285 1166 Alcidae
294 1118 366 1166 iuriis
376 1119 501 1178 exarserat
511 1120 566 1165 atro

12 1200 49 1228 220
58 1183 115 1231 felle
125 1185 193 1232 dolor
203 1205 208 1232 ι
222 1187 289 1242 rapit
298 1202 367 1234 arma
376 1203 452 1235 manu
461 1186 576 1242 nodisque
586 1190 716 1244 gravatum

58 1252 141 1310 robur,
152 1254 177 1300 et
187 1254 247 1301 aerii
257 1271 331 1303 cursu
339 1256 403 1312 petit
412 1256 490 1302 ardua
499 1255 597 1302 montis.

58 1321 123 1368 Tum
132 1322 239 1378 primum
248 1324 327 1370 nostri
337 1324 429 1372 Cacum
438 1324 520 1370 videre
530 1323 657 1370 timentem

56 1389 232 1448 turbatumque
242 1393 331 1441 oculis:
346 1392 412 1450 fugit
424 1393 490 1440 ilicet
498 1391 563 1438 ocior
574 1391 643 1438 Euro

56 1460 243 1518 speluncamque
252 1462 324 1519 petit,
334 1461 435 1519 pedibus
445 1461 520 1508 timor
529 1460 624 1508 addidit
634 1459 696 1508 alas.

56 1530 93 1578 Ut
103 1545 155 1578 sese
164 1529 263 1578 inclusit
273 1531 400 1587 ruptisque
409 1530 515 1577 immane
525 1529 617 1578 catenis

55 1599 143 1646 deiecit
152 1613 246 1656 sunm,
256 1599 324 1646 ferro
333 1599 397 1655 quod
407 1600 432 1646 et
442 1600 496 1646 arte
506 1600 611 1655 paterna

56 1667 186 1724 pendebat,
192 1667 316 1725 fultosque
326 1668 428 1716 emuniit
437 1667 513 1716 obiice
523 1669 613 1724 postes,

56 1752 112 1784 eece
122 1736 206 1783 furens
216 1737 303 1784 animis
312 1737 398 1784 aderat
408 1737 550 1793 Tirynthius
560 1752 702 1793 omnemque

57 1821 181 1854 aceessum
190 1805 300 1853 lustrans
311 1806 359 1854 huc
369 1821 413 1852 ora
421 1806 516 1854 ferebat
525 1808 551 1854 et
560 1805 625 1863 illuc,

10 1891 46 1929 230
56 1874 171 1922 dentibus
180 1874 330 1923 infrendens.
361 1875 410 1922 Ter
418 1877 499 1922 totum
508 1876 615 1922 fervidus
625 1877 663 1923 ira

56 1943 149 1990 lustrat
158 1943 276 1991 Aventini
284 1946 400 2000 montem,
411 1945 450 1990 ter
460 1959 533 1990 saxea
541 1945 648 1999 temptat

55 2011 142 2059 limina
151 2012 305 2070 nequiquam,
316 2014 356 2060 ter
364 2012 443 2059 fessus
453 2011 516 2058 valle
525 2012 623 2058 resedit.

56 2079 147 2127 Stabat
156 2081 230 2128 acuta
240 2080 308 2138 silex,
319 2080 433 2137 praecisis
443 2079 549 2134 undique
559 2080 624 2127 saxis

55 2149 185 2206 speluncae
194 2150 266 2197 dorso
275 2149 412 2206 insurgens,
423 2147 542 2196 altissima
550 2148 612 2205 visu,

55 2218 165 2265 dirarum
175 2217 238 2266 nidis
248 2218 333 2265 domus
344 2219 482 2274 opportuna
491 2216 626 2263 volucrum.

55 2288 138 2343 Hanc,
146 2288 175 2333 ut
181 2302 258 2342 prona
264 2287 322 2343 iugo
329 2287 426 2334 laevum
433 2285 588 2333 incumbebat
597 2284 622 2329 in
628 2300 733 2342 amnem,

55 2356 143 2404 dexter
152 2355 179 2401 in
189 2356 318 2403 adversum
328 2357 409 2403 nitens
419 2355 540 2404 concussit
550 2355 575 2400 et
584 2353 639 2399 imis

55 2424 168 2472 avulsam
179 2425 251 2472 solvit
260 2425 383 2472 radicibus
393 2443 399 2480 ;
414 2423 470 2471 inde
479 2423 579 2478 repente

54 2494 162 2550 impulit,
173 2494 280 2551 impulsu
290 2509 337 2550 quo
346 2493 468 2541 maximus
477 2493 574 2540 intonat
584 2491 676 2549 aether,

104 2564 113 2612 (
122 2578 156 2613 301
166 2563 175 2612 )
