1972 3164
356 189 378 227 P.
392 187 511 228 VERGILI
524 188 651 230 MARONIS

169 301 231 342 quae
240 287 361 341 temptare
371 285 469 332 Thalim
479 285 581 344 ratibus,
592 302 652 342 quae
660 285 755 344 cingere
765 289 839 335 muris

91 377 94 385 ·
168 355 265 412 oppida,
276 370 337 410 quac
346 355 445 401 iubeant
454 355 538 402 lelluri
546 356 662 403 infindere
673 356 759 405 sulcos.

168 423 241 469 Alter
250 423 297 470 eris
306 424 360 470 lum
370 423 470 481 Tiphys,
479 425 504 470 el
514 425 593 472 altera
602 441 663 481 quae
670 426 745 473 vehat
754 426 822 484 Argo

168 491 368 539 delectaremur
377 511 383 547 ;
398 493 473 538 erunl
483 492 556 539 eliam
566 493 644 540 allero
653 494 724 551 bella,

169 561 242 617 alque
250 561 340 607 iterum
346 559 377 606 ad
386 560 483 607 Troiam
491 576 594 619 magnus
604 562 718 610 miscetur
724 563 839 610 Achilles.

169 628 243 685 Hinc,
253 628 296 676 ubi
304 629 353 675 iam
363 628 461 676 firmata
470 629 549 676 virum
559 632 584 676 le
594 629 679 677 feceris
689 633 764 688 aetas,

169 697 238 744 cedet
247 698 272 744 el
281 696 332 752 ipse
342 697 404 744 mari
413 698 504 753 vector,
514 713 559 745 nec
569 699 667 745 nautica
676 699 748 754 pinus

169 764 275 811 mutabit
284 780 389 812 meroes:
404 765 481 812 omnis
491 765 554 812 ferei
564 766 645 813 omnia
654 766 735 812 lellus.

132 843 159 879 ⁴0
168 833 226 880 Non
235 834 326 880 rastros
336 833 444 889 parietur
453 833 551 890 humus,
562 849 612 880 non
621 834 693 880 vinea
702 833 791 881 falcem
799 855 805 890 ;

169 900 282 948 robuslus
292 916 384 958 quoque
394 902 443 948 iam
452 901 530 947 lauris
540 901 598 957 iuga
607 901 684 949 solvei
694 903 792 957 arcion

168 983 212 1016 nec
222 969 300 1015 varios
310 969 386 1016 disces
393 969 492 1016 mentiri
501 969 558 1016 lana
567 968 665 1026 colores,

167 1037 219 1093 ipse
229 1037 271 1084 scd
280 1037 306 1083 in
315 1038 392 1093 prolis
405 1038 467 1085 aries
476 1037 526 1084 iam
539 1053 613 1085 suavo
621 1037 719 1085 rubenti

169 1105 268 1162 murice,
278 1104 327 1152 iam
337 1120 419 1153 crocco
428 1105 533 1151 mutabis
543 1105 634 1152 vellera
642 1105 710 1161 lulo;

169 1175 254 1228 sponse
264 1188 308 1220 sua
317 1175 410 1229 sandyx
419 1175 545 1229 pascentes
555 1173 643 1221 vestiet
652 1188 736 1229 agnos.

170 1241 254 1288 ‘Talia
264 1241 341 1290 saecla
350 1242 356 1261 ¹
368 1241 417 1289 suis
427 1242 541 1289 dixerunt
552 1241 656 1289 ‘currite
666 1241 671 1260 ’
683 1240 744 1288 fusis

169 1311 296 1358 concordes
307 1309 388 1358 stabili
397 1309 504 1356 fatorum
514 1309 613 1356 numine
622 1309 723 1356 Parcae.

169 1380 308 1436 aggredere
318 1395 332 1426 o
342 1394 450 1436 magnos,
460 1378 540 1426 aderis
552 1378 600 1425 iam
609 1379 716 1434 tempus,
727 1377 838 1433 honores,

170 1462 227 1495 cara
236 1448 308 1495 deum
317 1448 418 1504 suboles,
429 1463 545 1504 maguum
556 1447 620 1493 Iovis
630 1446 814 1493 incrementum.

133 1526 158 1562 50
169 1516 257 1572 Aspice
267 1531 372 1564 convexo
381 1517 510 1563 uulanlcm
521 1516 626 1571 pondere
636 1514 761 1570 mundum,

169 1586 292 1639 terrasque
298 1586 439 1639 tractusque
448 1584 522 1630 maris
530 1583 669 1639 caelumque
676 1581 824 1637 profundum
834 1602 838 1626 ι

169 1653 255 1709 aspice,
266 1654 369 1699 venturo
378 1652 503 1699 laetantur
512 1654 541 1698 ut
551 1651 632 1698 omnia
641 1650 726 1698 saeclo.

169 1721 191 1768 0
201 1721 259 1767 mihi
268 1722 320 1767 lam
330 1721 415 1777 longae
425 1722 522 1767 mancat
532 1736 589 1776 pars
599 1719 686 1766 ultima
695 1719 769 1775 vilae,

169 1789 267 1845 spiritus
278 1790 310 1845 el,
322 1791 439 1845 quantum
450 1791 488 1837 sai
498 1789 545 1835 erii
555 1791 600 1835 lua
609 1788 687 1835 dicere
697 1788 773 1844 facta,

168 1873 216 1904 non
227 1873 264 1904 me
275 1858 421 1904 carminibus
430 1858 512 1904 vincat
522 1872 566 1904 nec
576 1856 693 1903 Thracius
705 1855 823 1911 Orpheus,

168 1941 212 1973 nec
227 1927 310 1983 Linus,
322 1926 378 1996 huic
393 1927 473 1972 maier
487 1925 595 1981 quamvis
611 1925 684 1979 atque
699 1923 755 1971 huic
770 1925 841 1979 pater

224 1995 296 2052 adsit,

168 2063 259 2119 Orphei
269 2062 398 2119 Calliopea,
409 2063 470 2109 Lino
480 2062 598 2108 formosus
609 2061 704 2116 Apollo.

168 2130 222 2177 Pan
232 2131 313 2187 eliam,
324 2130 431 2177 Arcadia
440 2146 533 2177 mecum
544 2129 564 2175 si
573 2129 651 2175 iudice
662 2130 745 2185 certet,

167 2198 221 2245 Pan
231 2198 303 2246 eliam
314 2198 419 2245 Arcadia
429 2198 494 2245 dicai
504 2213 529 2245 se
538 2197 616 2244 iudice
626 2197 726 2244 rictum.

132 2275 157 2311 60
168 2266 258 2324 Incipe,
269 2282 343 2323 parve
353 2281 422 2322 puer,
433 2266 484 2313 risu
495 2281 636 2322 cognoscere
649 2267 752 2311 matrem
761 2284 767 2319 ς

168 2335 241 2382 matri
250 2335 324 2392 longa
333 2335 415 2381 decem
425 2334 535 2380 tulerunt
544 2333 644 2380 fastidia
653 2348 754 2380 meuses.

168 2403 259 2460 Incipe,
270 2418 344 2458 parve
355 2417 429 2458 puer:
447 2402 486 2448 cui
496 2416 543 2447 uon
554 2402 628 2448 risere
635 2403 757 2458 parentes,

167 2487 212 2518 nec
222 2471 279 2518 deus
289 2471 353 2518 hunc
364 2485 455 2526 mensa,
466 2470 512 2516 dea
521 2484 565 2516 nec
575 2469 676 2525 dignaa
685 2468 757 2517 cubili
767 2469 811 2515 osi.

214 2539 271 2588 (²0)
