1972 3164
366 313 389 352 P.
401 311 521 353 VERGILI
534 310 663 351 MARONIS

177 409 257 468 gentis
266 409 303 457 bis
312 410 400 465 victae,
410 412 495 456 eontra
504 422 614 464 premere
623 423 697 454 arma
707 407 802 456 Latini.

177 479 252 527 Nunc
270 480 295 525 et
315 477 496 534 Myrmidonum
519 491 631 532 proceres
654 476 766 532 Phrygia
790 492 860 525 arma

235 548 393 602 tremescunt,

179 629 245 663 nunc
255 616 281 662 et
290 614 392 670 Tydides
401 614 426 660 et
436 611 563 660 Larisaeus
573 611 691 669 Achilles,

180 683 258 731 amnis
268 684 293 730 et
302 682 438 729 Hadriacas
447 682 513 728 retro
522 680 589 739 fugit
598 680 704 728 Aufidus
713 683 803 730 undas.

182 750 228 798 Vel
237 765 292 798 cum
301 765 327 797 se
336 749 450 806 pavidum
459 750 547 795 contra
556 763 610 795 mea
619 748 701 804 iurgia
712 750 785 807 fingit

182 818 291 876 (artificis
301 817 386 872 scelus)
396 818 422 864 et
431 815 560 863 formidine
570 815 662 863 crimen
672 818 784 866 acerbat.

183 888 321 942 Numquam
344 885 450 933 unimam
474 883 549 931 talem
572 884 659 932 dextra
690 886 736 934 hac
763 887 861 944 (absiste

239 953 338 1010 moveri)

184 1024 282 1071 amittes
292 1044 298 1071 ι
312 1022 407 1071 habitet
415 1024 498 1069 tecum
507 1024 532 1070 et
542 1022 574 1069 sit
584 1023 682 1077 pectore
691 1023 718 1069 in
727 1023 785 1070 isto.

137 1109 174 1145 410
184 1093 257 1141 Nunc
270 1091 302 1138 ad
310 1093 336 1138 ts
345 1092 370 1138 et
379 1091 424 1136 tua
430 1105 528 1148 magna,
537 1092 616 1146 pater,
624 1091 737 1137 consulta
742 1093 859 1139 revertor.

186 1161 212 1209 Si
220 1159 313 1207 nullum
321 1160 411 1206 nostris
420 1159 488 1206 ultra
497 1173 564 1214 spem
573 1158 642 1213 ponis
651 1158 678 1204 in
692 1159 779 1216 armis,

185 1229 206 1276 si
215 1230 267 1275 tam
277 1227 465 1284 decemimus,
476 1228 502 1274 et
511 1225 585 1274 semel
593 1226 692 1282 agmine
702 1242 775 1276 verso

185 1297 295 1343 funditus
299 1294 435 1351 occidimus,
440 1309 516 1351 neque
522 1293 596 1342 habet
600 1295 712 1342 Fortuna
716 1310 860 1352 regressum,

185 1379 279 1411 oremus
290 1378 374 1419 pacem
382 1365 408 1411 et
417 1363 516 1410 dextras
525 1362 655 1409 tendamus
665 1363 768 1412 inertes.

187 1434 337 1489 Quamquam
347 1447 370 1489 o,
381 1431 402 1478 si
411 1431 496 1478 solitae
503 1430 630 1486 quicquam
640 1431 743 1478 virtutis
754 1433 860 1480 adesset!

187 1501 233 1548 Ille
242 1500 302 1547 mihi
312 1502 370 1548 ante
380 1499 440 1549 alios
450 1499 637 1554 fortunatusque
647 1499 762 1547 laborum

187 1569 343 1626 egregiusque
352 1568 435 1626 animi,
445 1568 494 1624 qui,
503 1583 534 1615 ne
544 1568 601 1623 quid
610 1568 659 1615 tale
669 1569 773 1626 videret,

187 1637 316 1694 procubuit
326 1638 429 1685 moriens
437 1640 464 1688 et
473 1639 574 1684 humum
584 1636 655 1683 simul
666 1651 707 1683 ore
717 1639 856 1686 momordit.

189 1708 232 1755 Sin
241 1708 267 1754 ct
276 1721 332 1761 opes
342 1705 410 1753 nobis
419 1708 444 1752 et
454 1706 532 1753 adhuc
542 1706 636 1752 intacta
645 1705 771 1763 iuventus,

153 1802 178 1826 20
189 1775 324 1830 auxilioque
333 1774 405 1821 urbes
415 1775 493 1821 Italae
503 1774 629 1830 populique
639 1777 782 1831 supersunt,

189 1845 227 1891 sin
236 1846 261 1890 et
272 1843 382 1889 Troianis
393 1859 448 1891 cum
458 1844 535 1890 multo
543 1843 622 1900 gloria
631 1843 699 1889 venit

189 1910 305 1967 sanguine
315 1911 382 1964 (sunt
392 1911 439 1957 illis
449 1927 494 1958 sua
503 1912 590 1958 funera
599 1926 689 1966 parque
700 1927 746 1966 per
755 1925 840 1959 omnes

188 1978 329 2034 tempestas)
339 1997 344 2023 :
362 1993 406 2023 cur
415 1978 538 2026 indecores
547 1980 573 2026 in
581 1979 663 2025 limine
673 1979 754 2034 primo

189 2047 327 2096 deficimus?
355 2049 462 2093 curante
470 2048 555 2094 tubam
565 2049 656 2094 tremor
666 2051 771 2103 occupat
782 2048 866 2094 artus?

190 2116 272 2165 Multa
280 2114 330 2161 dies
339 2113 447 2170 variique
456 2115 525 2162 labor
534 2115 657 2162 mutabilis
667 2115 720 2162 aevi

190 2184 286 2234 rettulit
295 2183 321 2230 in
330 2182 424 2239 melius,
435 2183 524 2231 multos
534 2183 630 2230 alterna
639 2183 748 2229 revisens

190 2255 250 2302 lusit
259 2256 284 2301 et
293 2253 318 2299 in
329 2252 403 2299 solido
412 2268 497 2299 rursus
508 2253 619 2299 Fortuna
628 2251 725 2297 locavit.

190 2325 246 2371 Non
256 2322 303 2370 erit
312 2321 403 2369 auxilio
412 2320 480 2367 nobis
491 2320 592 2367 Aetolus
601 2320 627 2364 st
636 2318 714 2374 Arpi:

192 2394 218 2438 at
229 2392 355 2446 Messapus
365 2390 412 2436 erit
422 2389 526 2444 felixque
536 2387 677 2434 Tolumnius
687 2389 712 2434 et
722 2403 783 2443 quos

143 2479 181 2516 430
192 2462 230 2506 tot
240 2459 322 2515 populi
332 2458 416 2505 misere
426 2458 506 2514 duces,
517 2472 560 2504 nec
570 2471 646 2512 parva
655 2458 770 2511 sequetur

192 2527 270 2583 gloria
279 2527 383 2574 delectos
393 2525 464 2573 Latio
473 2527 498 2573 et
508 2523 670 2572 Laurentibus
680 2524 756 2581 agris.

193 2595 240 2641 Est
249 2595 425 2709 {l33l⁷,⁰¹⁸⁰⁰mm
435 2593 532 2650 egregia
542 2593 570 2639 de
580 2594 652 2648 gente
662 2592 775 2647 Camilla,

258 2675 269 2708 3
