1972 3164
470 185 546 225 CIBIS

172 299 220 330 non
229 284 317 330 statuit
323 283 432 339 (nimium
436 287 473 331 est
480 285 577 330 uvidum
587 299 659 340 pecus
665 284 844 343 Ampliitrites);

171 352 242 398 aeriis
253 351 332 406 potius
341 351 467 398 sublimem
478 353 577 398 sustth
586 352 640 407 slis,

172 422 234 466 esset
245 421 273 465 ut
282 420 308 465 in
316 419 388 465 tonis
398 419 459 466 iseti
469 420 498 466 de
507 421 604 467 nomine
614 420 676 476 ciris,

173 487 229 533 ciris
239 487 369 543 Amyclaeo
379 487 505 534 formosior
514 503 600 535 ansere
610 488 697 535 Ledae.

125 569 162 606 490
172 553 212 601 hie
221 554 289 601 velut
298 555 324 600 in
334 555 404 601 niveo
413 557 535 602 tenernest
545 571 600 602 eum
611 556 723 612 primitus
733 572 778 604 ovo

172 622 261 678 effigies
271 622 402 668 animantis
412 624 437 669 et
446 623 584 670 internodia
593 623 706 670 membris

172 690 308 744 inperfecte
317 706 379 737 novo
389 690 490 737 fluitant
500 697 613 739 concreto
622 693 708 749 calore,

172 757 206 804 sie
215 757 304 812 liquido
315 758 410 814 Scyllae
420 759 594 806 circumfusum
604 776 706 816 aequore
717 776 803 817 corpus

171 826 278 872 semiferi
287 826 385 873 incertis
396 827 469 873 etiem
479 843 544 875 nunc
554 828 664 883 partibus
674 831 743 875 artus

171 893 276 948 undiquc
287 894 416 940 mutabunt
425 896 497 950 etque
507 896 611 952 undique
621 897 788 944 mutabuntur.

171 960 220 1007 oris
230 962 305 1008 honos
314 962 419 1018 primum
429 966 454 1010 et
464 964 548 1011 multis
558 967 644 1020 optate
652 965 741 1012 labello

172 1032 197 1076 et
207 1030 305 1085 pstuloe
315 1031 403 1078 frontis
414 1032 503 1088 speeies
513 1048 665 1080 concrescere
674 1033 700 1078 in
707 1049 783 1079 unum

171 1113 269 1153 coepere
279 1101 304 1145 ct
314 1099 398 1155 gracili
408 1103 517 1147 mentum
527 1101 657 1155 producere
667 1102 761 1157 rostro3

172 1168 234 1222 tum,
245 1183 292 1222 qus
302 1183 327 1214 sc
337 1167 442 1214 medium
453 1168 538 1222 capitis
548 1168 676 1214 discrimen
686 1169 782 1225 egebat,

125 1252 162 1288 φο
172 1249 226 1281 eeec
235 1238 342 1291 repente,
353 1234 420 1281 velut
431 1235 521 1290 patrios
531 1235 641 1281 imitatus
651 1236 761 1293 honoros,

172 1302 299 1358 puniceam
309 1303 429 1349 concussit
439 1317 500 1357 apex
510 1302 535 1348 in
546 1303 636 1350 vertice
647 1303 746 1350 cristam
755 1323 761 1360 3

171 1371 199 1415 st
209 1370 287 1416 mollis
297 1370 375 1416 varios
386 1370 494 1416 intexens
505 1369 588 1424 plume
598 1370 687 1418 colores

172 1453 332 1485 marmenem
343 1437 434 1484 volueri
443 1438 541 1485 vestivit
550 1439 656 1496 tegmine
666 1455 761 1496 corpus,

172 1507 285 1562 lenteque
295 1509 424 1562 perpetuas
434 1506 551 1553 fuderunt
560 1507 674 1554 bracchia
684 1523 784 1562 pennas.

171 1575 227 1622 inde
237 1575 297 1621 nlius
307 1579 389 1630 portes
399 1574 518 1630 minioque
528 1574 619 1621 infectu
628 1575 726 1622 rubenti

172 1659 244 1690 crura
254 1658 316 1689 novo
326 1642 413 1689 macies
423 1642 523 1689 obduxit
533 1642 642 1698 squalido
651 1643 712 1698 pelle

172 1714 197 1758 et
207 1711 307 1767 pedibus
317 1710 406 1758 teneris
416 1725 510 1767 ungues
520 1711 605 1757 edlixit
614 1712 706 1758 sentos.

172 1783 198 1826 et
207 1782 291 1826 temen
300 1779 345 1827 hoc
354 1780 451 1826 demum
461 1779 562 1826 miserae
572 1794 712 1827 succurrere
721 1782 794 1835 pecto

172 1849 213 1895 vix
222 1849 304 1896 fuerat
314 1848 409 1904 placida
418 1847 527 1903 Neptuni
537 1849 637 1904 coniuge
647 1849 755 1904 dignum.

126 1940 163 1976 510
173 1932 304 1972 numquam
313 1916 379 1963 illum
389 1918 444 1972 post
454 1917 512 1963 hoec
522 1916 585 1963 oculi
594 1917 675 1963 videre
686 1931 783 1962 suorum

173 2001 307 2041 purpureos
317 1985 379 2031 flavo
389 1985 534 2031 retinentem
544 1984 634 2030 vertice
644 1984 728 2039 vities,

173 2069 222 2099 non
231 2053 354 2099 thalamus
364 2053 437 2107 Tyrio
446 2052 560 2107 fragrans
571 2050 664 2105 accepit
674 2065 776 2105 amomo,

173 2121 254 2167 nullne
262 2120 328 2166 illam
339 2120 420 2166 sedes:
435 2119 492 2174 quid
502 2119 630 2182 enimcum
642 2118 737 2165 sedibus
747 2119 798 2165 illi?

173 2205 234 2244 quse
244 2188 315 2234 simul
325 2189 354 2234 ut
364 2202 415 2234 sese
426 2201 485 2233 cano
495 2187 524 2232 de
533 2186 631 2243 gurgite
641 2186 710 2233 velox

173 2273 228 2304 cum
239 2256 319 2302 sonitu
329 2255 361 2302 od
371 2254 463 2303 coelum
474 2253 632 2300 stridentibus
643 2254 731 2300 extulit
741 2254 785 2301 ulis

173 2327 199 2372 et
208 2325 313 2370 multum
320 2323 370 2370 lete
381 2323 494 2378 dispersit
503 2322 529 2368 in
539 2337 643 2377 aequora
652 2337 740 2378 rorem,

173 2392 259 2439 infelix
268 2391 337 2449 virgo
347 2391 491 2447 nequiquam
502 2408 517 2437 o
526 2392 605 2437 morte
614 2392 714 2446 receptu

173 2459 292 2507 incultum
303 2459 358 2506 solis
368 2459 394 2505 in
404 2458 504 2514 rupibus
514 2457 589 2514 exigit
599 2473 694 2514 sevum,

221 2528 292 2577 (473)
