1972 3164
421 193 531 234 AENEIS.
556 193 589 233 v1

169 287 289 336 Redditus
298 288 336 336 bis
345 289 451 345 primum
460 292 534 338 terris
543 292 597 348 tibi,
608 291 713 349 Phoebe,
724 293 830 340 sacravit

168 356 297 414 remigium
307 356 401 404 alarum
411 361 539 415 posuimue
549 359 666 407 immania
674 360 774 416 templa.

130 445 158 472 ω
169 425 201 472 In
211 425 303 472 foribus
312 426 389 473 letum
398 427 530 485 Androgei,
541 431 596 476 tum
606 429 710 485 pendere
720 445 808 485 poenas

169 493 315 549 cecropidae
324 494 384 542 iussi
394 495 518 552 (miserum
526 497 542 553 l)
553 499 653 553 septena
663 498 792 553 quotannis

168 578 273 618 corpora
281 565 394 611 natorum
404 584 410 621 ;
424 567 475 612 stat
485 566 564 613 ductis
575 566 679 613 sortibus
689 581 761 613 urna.

169 632 265 680 Contra
273 631 338 678 elata
347 633 409 680 mari
416 635 546 689 respondet
557 635 648 682 Gnosia
657 635 731 682 tellus
741 655 747 681 z

168 700 209 748 hie
219 700 322 752 crudelis
332 717 399 748 amor
408 703 475 748 tauri
485 707 647 758 suppostaque
657 704 725 750 furto

169 769 290 824 Pasiphae
299 769 449 825 mixtumque
459 785 534 826 genus
544 772 670 828 prolesque
680 773 789 820 biformis

169 838 326 885 Minotaurus
335 838 406 896 inest,
418 840 519 886 Veneris
529 841 679 888 monimenta
688 842 817 897 nefandae,

169 906 211 953 hic
220 906 289 954 luber
298 907 338 953 ille
348 907 432 954 domus
443 909 468 954 et
477 908 649 956 inextricabilis
659 925 742 967 crror;

171 990 287 1031 magnum
297 976 395 1032 reginae
405 976 520 1023 sedenim
531 976 659 1024 miseratus
670 994 776 1026 amorem

172 1043 296 1090 Daedalus
305 1044 357 1100 ipse
366 1044 432 1091 dolos
441 1045 501 1091 tecti
508 1045 667 1104 ambagesque
676 1047 783 1103 resolvit,

133 1132 162 1168 ³0
172 1126 245 1159 caeca
254 1127 339 1167 regens
349 1112 389 1159 filo
398 1113 508 1170 vestigia.
538 1114 578 1160 'Pu
587 1129 681 1169 quoque
690 1129 804 1170 magnam

172 1180 268 1235 partem
274 1195 345 1235 opere
353 1180 379 1227 in
386 1182 465 1237 tanto,
473 1181 562 1228 sineret
572 1182 646 1239 dolor,
653 1181 845 1238 Icare‚haberes.

172 1248 217 1296 Bis
227 1250 327 1296 conatus
336 1251 390 1296 erat
400 1265 469 1296 cesus
480 1251 592 1306 effingere
602 1250 628 1296 in
638 1265 705 1307 auro,

172 1317 210 1364 bis
220 1318 313 1372 patriae
323 1318 427 1366 cecidere
437 1334 532 1366 manus.
564 1319 627 1375 Quin
637 1319 748 1374 protinus
757 1318 838 1364 omnia

172 1387 325 1444 perlegerent
335 1388 418 1445 oculis,
429 1388 455 1433 ni
464 1387 513 1434 iem
524 1387 669 1443 praemissus
679 1387 786 1434 Aetates

172 1456 262 1503 afforet
271 1458 344 1511 amne
353 1472 403 1503 una
413 1456 504 1503 Phoebi
514 1456 656 1511 Triviaeque
667 1457 785 1513 sacerdos,

173 1524 299 1580 Deiphobe
310 1523 403 1581 Glauci,
415 1525 484 1571 fatur
493 1539 554 1580 quac
564 1525 625 1570 talia
634 1524 700 1580 regit

174 1591 246 1640 ‘Non
255 1592 301 1641 hoe
310 1593 358 1640 ista
368 1593 412 1639 sibi
421 1594 518 1648 tempus
528 1593 668 1648 spectacula
676 1592 754 1648 poscit
762 1611 768 1639 ι

174 1675 241 1708 nunc
249 1677 323 1719 grege
333 1661 363 1708 de
371 1661 466 1708 intacto
475 1663 567 1716 septem
576 1662 684 1708 mactare
693 1661 806 1707 iuvencos

174 1730 334 1786 praestiterit,
344 1729 446 1776 totidem
456 1728 531 1776 lectas
541 1728 571 1775 (le
580 1744 646 1776 more
655 1729 781 1776 bidentes.'

138 1818 165 1856 ⁴⁰
176 1797 277 1844 Talibus
286 1798 364 1844 affata
372 1796 472 1844 Aenean
482 1797 535 1852 (nec
545 1813 615 1844 sacra
623 1799 751 1845 morantur

174 1866 241 1914 iussa
251 1866 306 1922 viri)
316 1865 420 1912 Teucros
430 1867 501 1912 vocat
510 1866 562 1912 alta
571 1865 596 1912 in
604 1867 696 1923 templa
705 1866 824 1914 sacerdos.

204 1935 319 1982 Excisum
329 1933 450 1981 Euboicae
459 1933 524 1980 latus
533 1934 617 1990 ingens
627 1935 694 1991 rupis
703 1935 729 1982 in
738 1936 846 1990 antrum,

174 2018 224 2060 quo
232 2003 277 2050 lati
287 2003 380 2050 ducunt
390 2003 471 2049 aditus
481 2005 587 2060 centum,
597 2003 660 2050 ostia
669 2007 781 2059 centum;

174 2071 240 2118 unde
250 2072 326 2118 ruunt
335 2071 436 2118 totidem
446 2087 524 2128 voces,
534 2087 650 2127 responsa
659 2071 772 2127 Sibyllae.

174 2141 283 2188 Ventum
292 2144 348 2187 erat
357 2140 389 2186 ud
398 2140 480 2196 limen,
491 2157 546 2187 cum
555 2141 624 2196 virgo
635 2140 751 2186 ‘Poscere
760 2139 814 2185 fata

175 2209 280 2264 tempus’
291 2209 326 2255 ait
336 2229 341 2255 z
357 2208 447 2265 ‘Deua
458 2225 520 2266 cece,
532 2209 590 2255 deus
600 2212 604 2253 t
614 2209 619 2227 ’
637 2207 683 2254 Oui
692 2207 753 2253 talia
762 2205 827 2252 fanti

175 2277 306 2326 anteferes
316 2278 396 2325 subito
405 2294 453 2325 non
463 2279 554 2334 vultus,
565 2293 614 2324 non
624 2277 689 2322 color
697 2290 769 2331 unus,

175 2363 225 2394 non
235 2349 345 2403 comptae
354 2363 463 2394 mansere
473 2362 569 2401 eomac;
585 2344 626 2391 sed
635 2345 719 2399 peetus
726 2341 847 2400 anhelum,

175 2418 201 2464 ot
211 2416 278 2463 rabie
288 2416 342 2463 fera
351 2417 425 2464 corda
433 2417 544 2470 tument3
558 2413 679 2468 maiorque
689 2411 765 2459 videri

140 2502 165 2538 50
176 2501 222 2534 nec
231 2486 333 2533 mortale
344 2501 439 2542 sonans,
448 2483 530 2531 afflata
539 2485 576 2530 est
586 2481 683 2528 numine
693 2480 787 2536 quando

224 2555 233 2603 (
242 2568 277 2606 239
285 2553 295 2602 )
