1972 3164
325 165 480 206 ssuulsv

57 261 102 311 sed
111 261 184 310 finem
193 261 308 319 imposuit
318 279 415 321 pugnae
425 263 563 320 fessumque
573 264 668 312 Dareta
749 288 751 292 =

56 330 149 387 eripuit
158 330 270 378 muleens.
276 331 355 388 dietis,
366 347 395 379 ue
404 332 465 379 tulis
474 333 544 379 tetur
553 354 559 380 :

57 399 65 422 ‘
75 399 174 454 Infelix,
185 415 246 455 quse
253 401 326 447 tenta
335 401 444 447 animum
455 401 577 448 dementia
586 402 667 458 oepit?
749 399 751 402 ⁴

57 481 109 514 non
118 466 181 514 vires
191 467 252 519 elius
263 483 425 524 conversaque
436 469 537 516 numina
547 470 638 516 sentis?

58 535 125 584 Cede
135 535 197 583 deo!
227 536 343 592 Diximue
353 538 379 584 et
389 538 481 593 proelis
490 552 548 584 voce
558 538 663 585 diremit.

58 603 108 651 Ast
118 604 188 651 illum
197 604 240 651 fidi
248 604 369 662 aequales,
379 620 460 661 genua
470 621 544 662 aegra
553 606 692 653 trahentem

57 673 231 729 nutantemque
245 675 350 728 utroque
361 675 435 728 ceput
446 689 602 730 crassumque
613 689 724 722 eruorem
795 713 799 720 .

13 760 50 796 470
61 756 104 790 ore
113 740 256 788 eiectantem
267 741 400 797 mixtosque
409 742 435 788 in
445 743 561 799 sunguine
571 743 664 800 dentes,

61 809 155 856 ducunt
164 809 196 856 ed
205 824 287 865 neves,
298 809 438 866 galeamque
449 825 577 866 ensemque
586 811 666 858 vocati
707 855 709 857 .

61 877 193 934 aestiment,
203 877 310 933 palmum
321 878 419 924 Entello
426 880 570 934 taurumque
580 880 728 936 relinquunt.

61 946 112 993 Hie
120 945 207 1003 vietor,
218 961 335 1002 superans
345 946 431 992 unimis
441 948 558 1002 tauroque
568 947 684 1003 superbus

62 1014 70 1037 ‘
78 1014 146 1062 Nate
155 1014 200 1062 dee
209 1029 298 1070 vosque
305 1015 365 1062 haee
374 1015 380 1034 ’
390 1015 469 1070 inquit
480 1015 486 1036 ‘
495 1016 637 1073 cognoscite,
644 1016 740 1073 Teucri,

61 1084 88 1130 et
97 1082 157 1129 mihi
166 1097 227 1138 quae
236 1082 328 1130 fuerint
338 1083 443 1130 iuveueii
451 1083 478 1130 in
488 1099 585 1140 corpore
594 1085 657 1131 vires

61 1152 88 1199 et
98 1166 147 1208 que
156 1151 255 1198 servetis
264 1152 402 1198 revocatum
413 1168 429 1199 e
438 1154 515 1199 morte
525 1152 634 1199 Dareta!

62 1219 142 1277 Dixit,
152 1220 177 1266 et
187 1219 282 1266 adversi
291 1221 376 1266 eontra
385 1220 454 1267 stetit
464 1236 507 1266 ore
515 1220 618 1276 iuvenci,

42 1313 51 1329 a
62 1287 104 1344 qui
114 1287 204 1334 donum
213 1286 309 1334 uetabat
318 1303 421 1345 pugnae,
432 1287 550 1342 durosque
558 1287 658 1334 reductu

61 1355 163 1404 libravit
172 1355 258 1402 dextre
267 1356 346 1403 medie
354 1356 419 1403 inter
431 1371 521 1403 cernue
531 1358 633 1411 questus,

15 1433 53 1483 480
63 1424 165 1480 arduus,
175 1424 322 1480 effractoque
330 1424 399 1471 illisit
408 1425 433 1470 in
443 1439 497 1471 ossa
506 1424 615 1471 cerebro:

62 1493 185 1544 sternitur
190 1492 351 1548 exanimisque
359 1495 466 1540 tremens
474 1492 609 1548 prooumbit
616 1492 685 1538 humi
690 1491 741 1538 bos.

62 1562 111 1610 Ille
120 1576 193 1616 super
201 1559 263 1608 teles
272 1561 377 1608 effundit
387 1562 484 1616 pectore
494 1576 563 1608 voees
573 1581 578 1608 ι

64 1630 153 1677 ‘Hune
169 1628 222 1685 tibi,
240 1629 316 1686 Eryx,
336 1628 459 1676 meliorem
478 1629 584 1676 enimam
603 1643 647 1684 pro
665 1631 743 1677 morte

122 1698 221 1746 Daretis

64 1766 191 1825 persolvo;
205 1765 245 1814 hie
254 1765 333 1815 vietor
342 1768 436 1814 ouestus
447 1768 570 1822 artemque
580 1767 686 1822 repono!

94 1834 209 1881 Protinus
218 1834 314 1881 Aeneas
324 1835 394 1882 eeleri
403 1837 496 1882 uertere
506 1835 597 1892 sagitte

64 1902 156 1950 invitat
165 1901 206 1957 qui
215 1901 280 1949 forte
289 1902 375 1959 veiint,
385 1904 411 1950 et
421 1904 528 1958 praemis
537 1903 604 1959 dicit,

65 1969 207 2028 ingentique
216 1985 290 2016 munu
299 1970 391 2017 mulum
400 1971 429 2017 de
438 1986 499 2018 usse
510 1971 600 2019 Seresti

65 2038 140 2095 erigit
148 2039 174 2084 et
182 2037 303 2085 volucrem
313 2038 416 2086 traiecto
424 2039 450 2085 in
459 2039 517 2085 fune
528 2038 671 2094 columbum,

67 2121 116 2162 quo
125 2106 228 2153 tendunt
237 2106 339 2164 ferrum,
349 2106 414 2153 melo
424 2107 549 2162 suspendit
559 2105 590 2152 ub
600 2106 658 2153 ulto.

13 2192 56 2231 490
69 2174 209 2221 Convenere
218 2173 273 2230 viri,
283 2174 446 2229 deiectumque
456 2190 527 2221 neree
536 2175 626 2221 sortem

68 2241 162 2297 aceepit
170 2241 240 2298 galee
249 2261 255 2298 3
270 2242 296 2288 et
305 2242 397 2297 primus
406 2242 509 2289 elamore
519 2242 623 2289 secundo

69 2309 218 2366 Hyrtacidae
228 2311 286 2357 unte
295 2325 377 2357 omnes
387 2310 437 2357 exit
446 2310 513 2357 loeus
523 2308 697 2365 Hippocoontis
707 2329 713 2356 ε

67 2392 139 2434 quem
149 2377 220 2425 modo
229 2377 309 2425 navali
319 2378 461 2425 Mnestheus
470 2378 602 2424 certamine
610 2377 688 2425 vietor

317 2466 352 2498 488.
372 2471 390 2498 u.
398 2462 498 2504 1.‘ponit.’

117 2514 188 2563 (225)
396 2524 412 2553 11
