1972 3164
405 192 552 236 BUOOLIOA
579 198 613 236 111

206 288 242 336 Μ.
270 288 359 336 Infelix
368 305 383 337 o
391 306 487 348 semper
496 308 552 340 oves
562 308 634 349 pecus
643 295 648 340 i
665 291 716 349 ipse
725 293 846 342 Neaeram

178 357 236 404 dnm
245 359 312 406 fovet
321 375 350 407 ac
359 375 389 407 ne
399 376 438 408 me
447 361 493 408 sibi
502 361 626 417 praeferai
635 361 677 408 illa
686 365 792 419 veretur,

177 425 217 474 hic
226 426 318 475 alienus
328 443 384 476 cres
394 431 475 476 custos
483 429 520 476 bis
530 429 623 487 mulges
631 429 658 476 in
667 431 735 488 hora,

177 496 203 540 ci
212 510 284 542 sucus
293 496 373 552 pecori
382 499 407 545 ei
416 497 455 545 lac
465 498 608 546 subducitur
617 498 695 555 agnis.

205 563 238 610 D.
267 563 367 612 Parcius
372 566 420 612 ista
426 566 484 612 viris
490 568 573 614 tamen
580 567 712 614 obiicienda
719 570 846 616 memento.

176 631 296 679 Novimus
306 634 331 680 ei
340 633 381 689 qui
390 635 415 681 ie
425 636 566 682 iransversa
574 636 699 683 iueniibns
707 636 789 692 hircis,

177 701 203 746 ei
212 701 331 756 quo-sed
340 701 423 748 faciles
433 701 561 759 Nymphae
571 704 770 752 risere-sacello.

141 785 166 810 10
205 768 242 815 M.
271 768 342 826 Tum,
356 769 434 826 credo,
446 785 500 817 cum
515 786 553 818 me
566 771 694 819 arbustum
708 771 849 820 videre'Mi·

234 852 299 883 coms

176 907 250 961 atoue
260 905 325 952 maia
333 906 395 953 vites
405 906 510 954 incidere
519 907 582 955 falce
592 908 706 956 novellas.

205 973 238 1021 D.
267 974 319 1019 Aui
335 973 375 1021 hic
391 974 423 1020 ad
439 976 532 1022 veteres
551 975 620 1031 fagos
639 991 694 1023 cum
712 976 848 1034 Daphnidis

232 1056 316 1090 arcum

176 1110 273 1167 fregisti
280 1113 305 1158 ei
315 1111 434 1158 calamos:
450 1127 510 1168 quac
520 1113 557 1170 cu,
568 1128 680 1169 perverse
690 1113 812 1168 Menalca,

176 1180 202 1226 ei
212 1194 267 1226 cum
277 1179 359 1226 vidisti
368 1195 443 1235 puero
453 1180 551 1238 denaia,
562 1181 666 1238 dolebas,

176 1249 202 1294 ei
212 1247 233 1294 si
241 1263 290 1294 non
299 1248 380 1304 aliqua
389 1249 518 1306 nocuisses,
529 1251 639 1296 mortuus
649 1264 722 1296 esses.

204 1316 241 1363 M.
271 1316 334 1373 Quid
340 1317 535 1374 reminiscemur,
540 1317 631 1364 undeni
638 1332 693 1362 cum
698 1316 760 1362 iulia
766 1315 849 1363 fures?

176 1384 233 1431 Non
243 1400 287 1443 ego
295 1386 321 1432 ie
330 1385 380 1433 vidi
390 1385 516 1441 Damonis,
527 1383 637 1440 pessime,
648 1398 748 1438 caprum

177 1452 284 1509 excipere
293 1453 394 1511 insidiis,
406 1453 511 1500 multum
522 1452 630 1499 lairanie
640 1451 755 1507 Lycisca?

177 1522 203 1568 ei
213 1536 267 1568 cum
276 1521 406 1570 clamarem
417 1521 423 1543 ‘
434 1522 486 1578 Quo
496 1537 561 1569 nnnc
571 1536 596 1568 se
605 1520 708 1576 proripit
717 1520 774 1567 ille?

139 1610 167 1636 ω
178 1589 269 1647 Tityre,
280 1604 339 1648 coge
348 1606 421 1646 pecus
430 1590 450 1637 !’
466 1591 495 1637 iu
504 1591 558 1646 posi
569 1591 665 1636 curecia
673 1589 774 1636 latebas.

205 1657 237 1705 D.
266 1658 307 1705 An
316 1658 377 1706 mihi
386 1658 507 1706 candendo
516 1658 595 1705 ricius
605 1672 654 1705 non
663 1657 775 1704 redderet
784 1657 825 1706 ille

177 1741 247 1782 quem
257 1741 311 1774 mea
320 1725 467 1774 carminibus
476 1727 604 1774 meruisset
614 1726 697 1773 fisiula
706 1728 824 1782 caprum?

176 1794 203 1841 si
212 1795 297 1852 nescis,
308 1810 376 1842 meus
384 1794 423 1842 ille
433 1810 506 1851 caper
514 1795 578 1851 fuii3
592 1795 618 1842 ei
627 1794 686 1840 mihi
694 1795 791 1840 Damon

175 1861 227 1918 ipse
236 1862 377 1920 faiebaiur3
392 1863 433 1910 sed
442 1863 542 1911 reddere
552 1877 620 1918 posse
630 1863 743 1919 negabat.

204 1931 241 1978 M.
270 1931 398 1980 (laniando
407 1932 527 1979 suillum?
540 1931 755 1986 ausumquumcibi
764 1930 848 1978 fisiula

233 2014 288 2046 cera

175 2066 261 2114 iuncta
269 2067 334 2115 fnit?
346 2082 395 2115 non
404 2067 466 2114 iuin
475 2067 563 2125 triviis,
574 2068 677 2124 indocte,
689 2067 781 2114 solebas

177 2134 291 2181 siridenii
299 2135 414 2182 miserum
425 2134 516 2190 stipula
525 2134 661 2190 disperdere
672 2136 785 2181 carmen?

205 2202 237 2250 D.
266 2203 310 2251 Vis
324 2217 381 2260 ergo
397 2203 519 2250 internos
534 2202 590 2258 quid
604 2202 680 2258 possit
695 2204 796 2256 uierque
813 2201 847 2247 vi·

232 2287 311 2319 crssrm

176 2339 346 2395 experiamur?
359 2355 404 2396 ego
412 2339 475 2386 hanc
485 2340 587 2386 vitulam
598 2340 637 2394 (ne
646 2337 710 2384 forie
720 2351 823 2394 recuses,

140 2435 166 2472 ³0
175 2407 213 2454 bis
222 2408 289 2455 venii
299 2408 330 2455 ad
339 2407 478 2464 mulctram,
487 2408 554 2454 binos
564 2407 608 2454 elit
617 2406 691 2452 ubere
700 2404 774 2461 feius)

176 2475 283 2533 depono:
299 2477 328 2522 tu
337 2476 383 2533 dic,
394 2490 488 2524 mecum
498 2490 545 2532 quo
553 2475 654 2532 pignore
663 2475 748 2521 certes.

222 2544 232 2592 (
241 2545 280 2592 15)
