1972 3164
424 185 535 228 Annum.
561 189 592 228 VI

169 277 321 340 iampridem,
331 282 394 330 hane
404 285 496 339 prolem
506 285 577 341 cupio
582 301 723 335 enumerare
730 302 847 349 meorum,

170 360 219 402 qno
228 350 306 409 magis
316 350 390 398 Itulia
398 367 493 399 mecum
503 353 594 400 laetere
603 356 720 410 reperta:

168 423 200 472 ι0
213 421 291 476 pater,
306 434 368 466 enne
383 419 475 476 aliquas
488 421 521 468 ed
534 421 627 470 eaelum
641 423 698 471 hine
711 423 746 472 ire
759 427 847 480 putan-

237 490 296 538 dum
303 488 340 535 est

125 578 160 615 720
171 560 286 612 sublimes
296 556 389 604 enimus
398 557 533 615 iterumque
543 560 573 607 ed
583 561 657 607 tarde
666 563 758 609 reverti

171 628 290 684 corpore?
302 641 363 681 quae
373 625 433 673 lucis
443 628 536 676 miseris
545 631 597 676 tem
607 630 660 676 dira
670 630 787 686 eupidoi'

172 697 277 744 ‘Dicam
286 693 395 749 equidem
405 698 485 743 necte
495 711 645 754 smpensum,
656 700 722 756 nete,
733 700 837 747 tenebo!

172 763 280 819 Suscipit
289 762 415 819 Anchises,
425 765 498 819 atque
508 765 591 812 ordine
601 766 697 824 singule
706 768 799 822 pandit.

200 830 338 886 ‘Principio
344 829 437 878 caelum
444 833 572 880 aeterram
579 849 722 890 camposque
728 835 848 891 liquentes

169 901 339 954 lucentemque
349 899 447 955 globum
457 899 529 948 lunae
539 901 682 958 Titaniaque
691 905 760 951 astra

170 969 272 1025 spiritus
282 967 349 1013 intus
359 967 411 1024 ulit,
422 969 547 1025 totumque
556 970 638 1017 infuse
646 988 690 1027 per
700 974 768 1020 artus

169 1052 239 1084 mene
249 1036 327 1092 agitet
337 1036 424 1082 molem
434 1039 460 1083 et
469 1052 557 1094 magno
567 1054 592 1085 se
602 1054 701 1095 corpore
710 1040 803 1088 miseet.

170 1106 232 1154 Inde
241 1104 366 1151 hominum
380 1104 544 1162 pecudumque
554 1122 630 1163 genus
643 1108 754 1163 vitaeque
767 1110 849 1156 volan-

227 1175 281 1220 tum

169 1244 196 1290 et
206 1257 268 1298 quee
273 1256 408 1289 marmoreo
414 1242 464 1289 iert
472 1246 582 1290 monstra
588 1244 632 1290 sub
638 1259 740 1299 aequore
750 1247 847 1300 pontus.
897 1286 899 1292 .

122 1327 159 1365 730
169 1310 262 1367 Igneus
271 1310 308 1356 eet
318 1309 371 1356 ollis
381 1310 450 1368 vigor
463 1313 488 1357 et
499 1311 608 1358 caelestis
618 1312 686 1370 origo

169 1378 309 1435 seminibus,
319 1380 437 1433 quantum
447 1394 496 1426 non
507 1394 607 1434 corpora
616 1380 690 1426 noxie
699 1381 799 1427 terdent

168 1446 308 1502 terrenique
317 1446 434 1494 hebetent
445 1449 514 1494 entus
524 1448 712 1504 moribundaque
722 1449 838 1497 membre.

170 1515 239 1563 Hinc
264 1516 378 1562 metuunt
401 1516 556 1572 cupiuntque,
581 1516 664 1563 dolent
686 1518 848 1574 gaudentque,

227 1598 303 1638 neque
314 1597 386 1629 eures

168 1651 302 1708 dispiciunt
311 1651 406 1698 eluueee
415 1651 521 1699 tenebris
531 1655 555 1700 et
566 1667 660 1701 carcere
670 1667 748 1701 caeco.

169 1720 236 1776 Quin
246 1720 272 1766 et
282 1734 394 1773 supremo
403 1735 458 1767 eum
465 1720 556 1768 lumine
565 1722 618 1768 vite
627 1721 733 1778 reliquit,

169 1802 220 1834 non
227 1788 310 1834 tamen
316 1801 386 1834 omne
396 1787 486 1835 muium
494 1790 587 1836 miseris
594 1805 638 1837 nec
645 1790 755 1836 funditus
765 1804 848 1837 omnes

170 1870 300 1911 corporeae
312 1856 431 1903 exeedunt
444 1860 532 1915 pestes,
546 1860 688 1914 penitusque
701 1873 797 1905 neeesse
810 1859 849 1905 est

170 1924 251 1972 multa
260 1924 302 1970 diu
312 1925 426 1971 concrete
435 1926 511 1973 modis
521 1927 650 1974 inolescere
659 1927 735 1974 miris.

171 1993 239 2049 Ergo
248 1994 392 2040 exereentur
400 1993 483 2048 poenis
493 1996 649 2050 veterumque
659 1995 779 2041 malornm

122 2087 160 2124 740
171 2060 290 2118 supplicia
299 2061 447 2116 expendunt.
477 2062 547 2110 Aliae
557 2064 699 2118 penduntur
709 2062 793 2108 inanes

171 2129 343 2185 suspensae-ad
352 2131 445 2186 ventos,
456 2131 509 2177 eliis
520 2131 565 2177 sub
575 2131 672 2188 gurgite
682 2131 753 2176 vesto

169 2197 290 2244 infectum
299 2196 390 2244 eluitur
399 2197 477 2245 scelus
487 2200 531 2245 eut
540 2199 652 2246 exuritur
662 2197 729 2255 igni:

170 2265 271 2321 quisque
281 2279 336 2312 euos
350 2265 458 2321 petimur
472 2282 569 2323 menes3
590 2267 675 2313 exinde
685 2281 728 2321 per
742 2266 850 2320 amplum

171 2333 294 2380 mittimur
304 2333 413 2389 Elysium
422 2336 448 2381 et
458 2335 529 2390 pauci
539 2335 604 2381 laete
614 2349 674 2380 arva
682 2335 791 2380 tenemus
800 2352 807 2390 ;

170 2403 247 2450 donee
257 2402 330 2458 longa
337 2402 397 2459 dies,
408 2403 517 2458 perfecto
526 2403 641 2457 temporis
651 2401 716 2458 orbe,

170 2472 309 2587 οοηὲτοόῖαςιι
318 2470 408 2518 exemit
417 2471 505 2528 labem,
516 2486 651 2526 purumque
660 2470 774 2526 relinquit

238 2552 249 2576 2
264 2551 273 2577 1
