1972 3164
315 194 425 236 Annuls.
449 195 482 234 VI

61 293 190 351 Romulus,
199 293 314 342 Assaraci
323 309 393 349 quem
403 293 527 350 sanguinis
537 293 584 343 Ilia
592 295 672 342 mater

62 362 156 410 educet.
186 361 273 410 Vidcn’
285 363 314 409 ut
323 362 433 418 geminae
443 363 511 409 stant
520 362 611 410 vertice
621 363 709 410 cristae

10 441 52 489 780
62 431 89 478 et
98 431 169 486 pater
177 429 228 485 ipsc
238 445 281 478 sao
291 445 404 486 superum
414 430 463 476 iam
473 430 555 488 signat
564 431 674 477 honore?

62 499 103 546 En
112 499 191 556 huius,
202 501 268 556 nate,
279 499 391 555 auspiciis
398 499 442 546 illa
451 499 537 546 inclita
545 499 625 546 Roma

60 566 190 623 imperium
199 566 280 623 terris,
291 567 382 613 animos
392 567 505 622 aequabit
513 567 625 624 Olympo,

62 636 201 691 septemque
210 650 261 682 una
270 633 316 682 sibi
324 649 394 682 muro
403 635 562 682 circumdabit
571 651 648 693 arces,

61 703 121 751 felix
130 703 197 761 prole
205 704 286 750 virum
296 723 302 750 :
317 703 395 759 qualis
404 703 550 759 Berecyntia
558 705 638 752 mater
648 750 653 759 ,

60 771 184 820 invehitur
193 788 268 820 curru
277 771 396 828 Phrygias
405 772 496 819 turrita
510 788 554 827 per
562 773 643 830 urbes,

60 840 128 888 laeta
138 841 209 887 deum
219 840 301 896 partu,
315 841 413 886 centnm
423 840 547 896 complexa
556 843 663 899 nepotes,

61 923 145 956 omncs
154 908 287 965 caelicolas,
297 922 379 955 omnes
389 923 476 964 supera
486 908 538 955 alta
545 910 664 957 tenentes.

61 976 120 1025 Huc
129 976 237 1034 geminas
246 992 311 1023 nunc
320 977 389 1023 flecte
399 977 469 1033 acies,
476 977 539 1025 hanc
551 978 630 1034 aspice
637 980 735 1035 gentem

62 1045 229 1100 Romanosque
239 1046 302 1091 taos.
332 1044 381 1091 Hic
391 1044 481 1091 Cacsar
490 1046 515 1092 et
525 1047 601 1093 omnis
611 1046 660 1093 Iuli

12 1135 51 1174 790
62 1113 197 1170 progenies,
207 1127 324 1168 magnum
334 1112 394 1160 caeli
403 1116 508 1160 ventura
517 1114 562 1160 sub
572 1129 648 1161 axem.

61 1181 111 1230 Hic
120 1181 166 1238 vir,
176 1181 215 1228 hic
225 1183 270 1237 est,
281 1181 327 1227 tibi
336 1196 406 1236 quem
416 1181 527 1236 promitti
537 1181 632 1237 saepius
642 1181 720 1239 audis,

60 1250 188 1306 Augustus
198 1249 297 1305 Caesar,
308 1248 365 1295 Divi
374 1264 460 1305 genus,
471 1263 544 1295 aurea
554 1250 641 1296 condet

62 1317 161 1366 saecula
169 1317 211 1373 qui
220 1332 305 1368 marsus
315 1317 387 1363 Latio
396 1318 501 1372 regnata
509 1331 552 1371 per
562 1332 621 1364 arua

60 1387 168 1434 Saturno
178 1385 306 1443 quondam,
317 1401 390 1441 saper
399 1386 424 1431 ct
434 1385 597 1432 Garamantas
607 1387 632 1434 ct
642 1385 715 1432 Indos

59 1453 168 1511 proferat
177 1453 303 1510 imperium
312 1473 319 1511 ;
333 1454 396 1501 iacet
405 1455 476 1500 extra
485 1453 564 1500 sidera
572 1453 653 1510 tellus,

59 1525 131 1572 extra
140 1523 198 1570 anni
207 1523 308 1578 solisque
317 1523 377 1580 vias,
387 1522 429 1569 ubi
443 1522 541 1569 caelifer
550 1522 623 1570 Atlas

59 1607 130 1640 axem
140 1605 224 1639 umero
233 1592 330 1647 torquet
340 1591 417 1638 stellis
427 1591 568 1637 ardentibus
578 1592 671 1647 aptum.

17 1687 21 1692 ν
60 1660 142 1708 Huius
151 1659 177 1706 in
186 1659 318 1707 adventum
327 1659 376 1706 iam
386 1661 486 1707 nuncet
496 1659 585 1715 Caspia
593 1674 669 1716 regna

60 1728 181 1784 responsis
187 1729 286 1775 horrent
296 1728 378 1774 divum
388 1731 414 1774 et
424 1728 531 1775 Maeotia
539 1727 620 1785 tellus,

10 1807 49 1844 800
59 1799 86 1846 ct
95 1796 277 1854 septemgemini
286 1796 388 1843 turbant
397 1797 493 1852 trepida
502 1796 564 1844 ostia
573 1796 632 1850 Nili.

60 1867 113 1914 Nec
122 1881 179 1913 vcro
188 1865 284 1912 Alcides
292 1866 392 1912 tantum
401 1865 495 1912 telluris
506 1864 589 1922 obivit,

59 1935 141 1983 fixerit
148 1933 284 1990 aeripedem
294 1948 390 1981 cervam
400 1934 465 1990 licet,
474 1935 517 1981 aut
527 1934 674 1989 Erymanthi

59 2001 154 2059 pacarit
163 2016 269 2058 nemora,
280 2002 306 2048 et
315 2001 421 2048 Lernam
430 2001 593 2048 tremefecerit
603 2016 671 2057 arcu,

59 2086 104 2119 nec
114 2070 156 2126 qui
164 2070 298 2126 pampineis
308 2070 386 2117 victor
395 2070 455 2127 iuga
464 2069 540 2116 flectit
550 2068 649 2118 habenis

59 2139 141 2196 Liber,
152 2153 224 2196 agens
235 2132 297 2186 celso
307 2139 388 2194 Nysae
399 2138 428 2185 de
437 2138 528 2184 vertice
537 2137 620 2192 tigres.

59 2209 95 2255 Et
105 2207 243 2255 dubitamus
253 2207 332 2253 adhuc
342 2207 433 2253 virtute
443 2205 572 2252 extendere
582 2204 653 2259 vires,

58 2278 104 2324 aut
114 2278 193 2323 metus
202 2274 312 2322 Ausonia
321 2274 432 2330 prohibet
442 2273 572 2320 consistere
582 2273 665 2318 terra?

58 2345 119 2402 Quis
128 2343 213 2400 procul
221 2343 262 2391 ille
272 2344 353 2389 autem
364 2341 438 2389 ramis
448 2340 549 2396 insignis
559 2339 637 2387 olivae

58 2429 129 2462 sacra
138 2411 236 2459 ferens?
249 2426 321 2458 nosco
331 2411 409 2458 cunas
419 2410 552 2463 incanaque
562 2408 644 2457 menta

58 2482 122 2539 regis
132 2479 245 2597 Boium,
256 2479 360 2536 primam
370 2477 411 2534 qui
420 2475 514 2533 legibus
523 2475 608 2525 urbem

107 2550 116 2598 (
125 2553 161 2599 263
