1972 3164
415 163 562 204 BUGOLICA
588 163 620 202 1v

410 282 563 339 ECLOGA
586 286 623 339 V.

346 391 506 443 Mnnsncss.
565 393 689 441 Morsus.

179 472 235 519 Mu.
267 471 357 564 OUB
368 489 426 531 non,
440 475 532 531 Mopse,
543 474 600 520 boni
614 475 727 529 quonism
742 476 851 522 conveni-

366 557 421 588 mus
430 543 508 599 ambo,

178 608 209 654 tu
219 607 324 656 cnlsmos
333 609 417 656 inflare
427 609 499 666 leves,
509 625 554 668 ego
564 609 641 658 dicere
651 626 743 667 versus,

179 675 219 723 hic
229 677 315 733 corylis
324 677 413 724 mixtas
423 678 487 724 inter
497 679 645 725 consedimus
655 679 732 725 ulmos
740 681 750 725 Ρ

206 744 262 792 Mo.
289 745 328 791 Tu
347 745 437 801 maior3
459 746 504 792 tibi
519 761 557 793 me
576 747 614 792 est
632 762 735 802 aequum
755 763 850 803 perere,

236 813 356 870 Menalca,

178 881 229 928 sive
240 881 284 928 sub
293 882 398 929 incertas
409 882 524 939 Zephyris
535 883 683 931 motantibus
693 884 801 939 umbras,

178 950 229 997 sive
238 950 311 996 antro
320 950 400 1005 potius
410 951 567 997 succedimus.
597 951 693 1007 Aspice,
704 953 733 998 ut
743 955 844 998 autrum

179 1018 296 1065 silvestris
305 1018 367 1064 raris
377 1019 467 1074 sparsit
476 1019 589 1066 labrusca
597 1020 707 1067 racemis.

206 1087 261 1134 Mn.
291 1086 415 1133 Montibus
425 1086 452 1133 in
457 1087 547 1133 nostris
556 1087 620 1134 solus
626 1088 851 1144 tibicertstAmyn-

234 1157 282 1202 tas.

206 1223 262 1270 Mo.
291 1223 362 1281 Quid,
381 1224 402 1270 si
420 1225 483 1271 idem
503 1226 580 1272 certet
595 1224 720 1272 Phoebum
736 1240 851 1281 superare

235 1293 357 1340 canendo?

152 1387 167 1411 ο
205 1361 260 1408 ΜΕ.
287 1362 378 1418 Incipe,
389 1362 482 1418 Mopse,
490 1362 565 1419 prior,
574 1361 595 1408 si
605 1375 664 1416 qnos
675 1363 719 1406 sut
729 1360 850 1416 Phyllidis

233 1444 302 1486 ignes

177 1497 221 1544 sut
230 1498 327 1546 Alconis
337 1498 411 1546 habes
421 1498 505 1546 landes
514 1501 559 1547 sut
568 1497 649 1556 iurgia
659 1498 739 1546 Codri.

176 1566 273 1623 Incipe;
287 1570 413 1624 pascentes
423 1569 529 1615 servabit
539 1569 639 1624 Tityrus
649 1568 746 1616 hoedos.

204 1635 259 1682 Mo.
288 1635 850 1693 Immohsec‚inviridinnpcrqucecorticotsgi

175 1705 283 1750 carmina
292 1705 409 1760 descripsi
418 1707 443 1751 et
452 1705 580 1752 modulans
591 1706 687 1753 alterna
696 1704 791 1759 notavi,

175 1772 293 1827 experiar.
324 1773 363 1818 Tu
372 1772 457 1820 deinde
467 1773 549 1820 iubeto
559 1776 636 1822 certet
646 1774 775 1829 Amyntas.

202 1841 257 1887 Mu.
287 1841 367 1888 Lentu
376 1841 437 1888 salix
447 1845 566 1897 qnantum
575 1842 679 1898 pullenti
688 1842 753 1889 cedit
762 1840 847 1898 olivae,

174 1909 282 1966 puniceis
291 1909 390 1957 humilis
399 1913 519 1965 quantum
529 1911 639 1959 saliunca
648 1910 743 1967 rosetis,

175 1978 263 2025 indicio
273 1980 357 2025 nostro
366 1980 464 2025 tantum
473 1980 519 2025 tibi
528 1980 592 2026 cedit
600 1980 729 2036 Amyntas.

176 2045 225 2093 Sed
234 2048 264 2093 tn
272 2046 353 2094 desine
363 2048 444 2104 plura,
455 2063 517 2103 puer
527 2067 533 2104 3
547 2048 704 2095 successimus
714 2047 795 2094 antro.

139 2140 166 2166 20
203 2115 258 2163 Mo.
288 2115 847 2173 ExtinctumNymphaecrudelifunereDaph-

230 2199 282 2230 mm

175 2252 266 2300 flebant
276 2272 282 2309 ;
297 2268 339 2300 vos
350 2254 424 2310 coryli
433 2255 508 2302 testes
518 2256 543 2301 et
552 2254 653 2301 flumina
662 2253 798 2309 Nymphis;

175 2338 230 2369 cum
240 2322 365 2378 complexa
374 2323 411 2369 sui
421 2339 508 2378 corpus
518 2323 654 2370 miserabile
661 2321 716 2368 nuti

175 2394 248 2446 atone
258 2391 313 2438 deos
323 2392 395 2446 atque
405 2394 473 2437 astru
481 2392 552 2439 vocat
562 2389 669 2437 crudelia
677 2391 764 2436 mater.

174 2460 231 2507 Non
245 2460 290 2506 ulli
302 2462 384 2515 pastos
393 2460 440 2506 illis
450 2475 520 2517 egero
530 2459 612 2506 diebus

223 2529 280 2580 (²1)
