1972 3164
406 176 556 217 GEORGIOA.
581 176 613 220 IV

171 275 302 330 postquam
310 274 349 321 eat
358 273 384 320 in
393 274 497 322 thalami
505 273 638 330 pendentia
646 273 741 329 pumice
750 275 818 322 tecta
834 277 836 282 '

172 342 317 397 perventum
327 342 352 389 et
361 341 415 389 nati
424 342 496 389 fletur
506 341 619 398 cognovit
628 341 712 388 inanes

173 409 275 467 Cyrene,
286 409 398 456 manibus
407 409 509 465 liquidos
520 409 580 456 dant
590 409 673 457 ordine
682 408 762 456 fontes

172 491 312 536 germanae,
322 479 444 534 tonsisque
453 478 538 526 ierunt
548 477 665 525 mantelia
674 477 737 525 villis
746 497 753 535 ;

172 560 231 602 pars
241 546 318 602 epuiis
328 549 429 594 onerant
438 561 534 594 mensae
544 549 569 594 et
579 546 652 602 plena
660 548 782 601 reponunt

173 613 277 671 poeula;
292 615 424 663 Panchaeis
434 615 575 662 adolescunt
584 615 680 671 ignibm
690 630 747 662 arae
755 633 762 671 3

122 682 163 734 ³⁸0
172 684 199 730 et
208 685 288 730 mater
298 683 377 739 ‘Cape
387 683 492 731 Maeonii
502 683 623 731 carchesia
633 683 738 730 Bacchi:

173 751 271 799 Oceano
281 751 382 799 libemus
391 751 397 772 ’
408 751 451 799 ait.
482 751 560 798 Simul
568 751 622 807 ipsa
630 753 744 808 precatur

173 819 344 876 Oceanumque
354 821 448 876 patrem
455 836 537 868 rerum
547 819 719 876 Nymphasque
729 835 831 877 sorores,

172 890 273 936 centum
282 904 343 944 quae
353 888 434 946 silvas,
445 890 543 936 eentum
553 903 614 944 quae
623 887 724 935 flumina
733 890 840 936 servant.

174 956 224 1004 Ter
233 955 323 1012 liquido
332 957 458 1004 ardentem
467 955 593 1012 perfundit
603 956 700 1002 nectare
711 956 820 1013 Vestam,

171 1026 212 1072 ter
221 1025 323 1077 flamma
329 1024 360 1072 ad
369 1040 489 1071 summum
499 1024 559 1071 tecti
569 1023 677 1071 subiecta
685 1023 784 1071 reluxit.

172 1092 261 1140 Omine
270 1107 317 1148 quo
326 1093 425 1139 firmans
435 1093 541 1139 animum
552 1093 585 1139 sic
594 1090 679 1147 incipit
689 1091 755 1146 ipsa:

204 1160 265 1208 ‘nse
273 1161 300 1208 in
310 1161 442 1217 Carpathio
451 1160 561 1217 Neptuni
570 1161 666 1217 gurgite
676 1161 744 1207 vates

173 1229 300 1277 caeruleus
310 1230 421 1287 Proteus,
431 1244 547 1286 magnum
557 1228 598 1284 qui
607 1228 712 1284 piscibus
721 1243 811 1283 aequor

174 1301 200 1345 ot
209 1299 293 1346 iuncto
301 1298 414 1354 bipedum
424 1314 498 1346 amu-u
508 1296 609 1344 metitur
623 1310 746 1351 equorum.

125 1381 165 1420 390
176 1367 225 1414 Hic
234 1381 299 1414 nuno
308 1366 437 1414 Emathiae
447 1368 532 1422 portus
542 1364 693 1421 patriamque
702 1363 787 1409 revisit

176 1436 305 1492 Pallenen3
319 1435 384 1482 hunc
394 1437 418 1482 et
428 1433 557 1490 Nymphae
566 1446 711 1479 veneramur
720 1432 745 1477 et
753 1431 805 1486 ipse

174 1504 326 1561 grandaevus
336 1505 429 1551 Nereus
442 1524 447 1550 :
462 1502 529 1549 novit
539 1515 643 1556 namque
652 1499 733 1548 omnia
742 1501 818 1556 vates,

175 1587 237 1628 quae
249 1573 309 1630 aiut,
327 1587 388 1628 quae
406 1572 507 1629 tuerint,
526 1584 587 1627 quae
601 1585 658 1617 mox
676 1570 780 1616 ventura
798 1570 848 1615 tra-

232 1640 337 1697 hautun

175 1709 263 1766 quippe
272 1709 308 1756 ita
317 1709 432 1764 Neptuno
441 1709 519 1756 virum
530 1709 575 1764 est,
585 1706 700 1754 immania
710 1706 777 1754 cuiue

175 1779 288 1825 armenta
297 1779 322 1825 et
331 1778 415 1834 turpes
424 1778 502 1833 pascit
512 1777 557 1824 sub
566 1776 662 1832 gurgite
672 1775 769 1830 phocae.

176 1846 226 1893 Hio
234 1845 288 1902 tibi,
299 1847 365 1902 nate,
375 1845 443 1902 prius
452 1845 536 1892 vinclis
547 1844 684 1900 capiendus,
695 1845 724 1890 ut
733 1858 829 1891 omnem

176 1913 288 1969 expediat
298 1913 375 1960 morbi
385 1929 490 1970 caueam,
501 1915 648 1968 eventusque
658 1913 780 1959 secundet.

176 1981 242 2028 Nam
252 1981 338 2029 sineri
347 1996 396 2028 nou
406 1981 457 2027 ulla
466 1981 534 2027 dabit
544 1981 681 2037 praecepta,
692 1995 768 2036 neque
778 1979 847 2026 illum

177 2048 268 2096 orando
277 2050 372 2106 flecte„
387 2049 436 2096 vim
446 2049 532 2096 duram
542 2050 567 2095 et
576 2048 673 2096 vincula
683 2050 754 2104 capto

126 2143 166 2182 400
178 2118 251 2166 tende
256 2137 264 2176 ;
274 2118 323 2166 doli
331 2118 420 2165 circum
429 2117 488 2165 haec
496 2118 592 2165 demum
599 2117 745 2172 frangentur
754 2116 847 2162 inanes.

178 2187 237 2242 Ipsa
246 2201 291 2242 ego
301 2187 334 2243 te,
345 2186 436 2233 medios
446 2201 500 2232 cum
511 2185 546 2232 sol
556 2185 691 2232 accenderit
701 2186 791 2240 aestus,

178 2270 232 2303 cum
253 2254 340 2301 eitiunt
355 2254 443 2301 herbae
458 2255 483 2301 et
497 2253 577 2309 pecori
589 2253 638 2299 iam
655 2252 750 2307 gratior
762 2251 850 2297 umbra

233 2325 279 2380 est,

176 2393 203 2440 in
213 2393 307 2441 secreta
316 2391 378 2439 senia
389 2393 484 2448 ducam,
494 2405 541 2446 quo
550 2389 628 2436 fessus
635 2388 666 2434 ab
676 2387 747 2434 undis

179 2477 204 2509 ee
214 2461 309 2518 recipit,
320 2460 391 2509 facile
401 2463 429 2508 ut
438 2473 522 2507 somno
535 2457 676 2514 wgoediare
685 2455 811 2504 iacentem.

226 2530 297 2580 (105)
488 2536 521 2579 1³5
