1972 3164
353 187 375 228 P.
388 186 507 226 VERGILI
519 185 650 225 morus

162 285 244 343 quales
254 284 334 332 aeriae
343 283 462 340 liquentia
470 283 571 331 flumina
580 283 685 341 circum,

114 357 152 394 680
162 355 212 403 sive
222 354 284 402 Padi
293 353 353 410 ripis
362 353 474 400 Athesim
484 367 527 400 seu
536 353 640 408 propter
648 367 788 410 amoenum,

163 425 313 480 consurgunt
322 421 432 478 geminae
441 436 543 478 quereus
552 420 699 477 intonsaque
709 421 776 469 eaelo

163 491 283 539 attollunt
293 490 374 546 capitu
383 492 408 537 et
418 489 515 538 sublimi
522 489 615 536 vertice
625 491 727 538 nutant.

163 561 309 615 Irrumpunt
318 558 400 606 aditus
408 557 497 604 Rutuli
505 559 534 603 ut
544 557 627 604 ridere
637 560 760 614 patentes.

115 630 118 635 '
163 628 284 676 Continuo
293 627 415 684 Quercens
424 628 450 673 et
459 625 561 682 pulcher
570 626 707 681 Aquiculus
717 626 793 673 armis

163 697 188 743 et
198 710 313 752 praeceps
323 693 399 742 animi
408 694 512 741 Tmams
521 695 547 740 et
557 694 698 741 Mavortius
709 696 820 742 Haemon

163 764 300 821 agminibus
309 763 368 810 totis
378 763 422 810 aut
431 762 496 811 versi
504 763 575 819 terga
585 762 683 820 dedere,

163 834 207 879 aut
216 833 269 888 ipso
279 833 364 888 portae
374 846 475 887 posuere
483 831 510 878 in
518 831 601 878 limine
610 831 697 880 vitam.

161 901 224 947 Tum
236 900 314 956 magis
324 899 463 947 increscunt
473 898 559 946 animis
569 899 722 947 discordibus
731 900 797 956 irae;

162 970 187 1015 et
197 968 245 1016 iam
256 968 350 1016 collecti
359 969 432 1015 Troes
441 967 609 1024 glomerantur
618 968 712 1026 eodem,

114 1048 151 1095 ⁶90
162 1038 187 1082 et
197 1035 306 1083 conferre
316 1051 415 1083 manum
425 1037 450 1083 et
460 1051 600 1092 procurrere
610 1035 707 1093 lougius
717 1037 817 1086 audent.

190 1104 294 1152 Ductori
305 1105 390 1152 Turno
399 1104 495 1152 diversa
503 1104 529 1151 in
539 1105 609 1160 parte
619 1104 715 1152 furenti

162 1170 318 1228 turbantique
328 1171 392 1219 viros
402 1171 525 1228 perfertur
534 1173 644 1229 nuntius,
655 1174 752 1222 hostem

161 1239 257 1287 fervere
267 1239 339 1287 caede
349 1255 413 1287 nova
422 1241 447 1288 et
457 1242 541 1296 portas
551 1240 667 1296 praebere
677 1243 800 1297 patentes.

162 1306 260 1355 Deserit
268 1307 402 1366 inceptum,
412 1309 485 1363 atque
494 1308 595 1356 immani
604 1309 715 1356 concitus
724 1309 762 1357 ira

162 1375 312 1423 Dardaniam
322 1376 373 1423 ruit
382 1376 415 1423 ad
424 1379 520 1432 portam
530 1377 668 1433 fratresque
677 1379 803 1434 superbos.

163 1443 197 1491 Et
207 1443 313 1499 primum
322 1444 475 1501 Antiphaten
482 1445 582 1502 (isenim
592 1445 719 1502 septimus
730 1447 837 1504 agebat),

162 1513 278 1560 Thebana
287 1513 317 1560 de
327 1514 406 1560 matre
416 1514 518 1560 nothum
529 1514 673 1571 Sarpedonis
683 1515 738 1572 alti,

162 1581 270 1629 coniecto
280 1581 369 1628 sternit
378 1581 472 1638 iaculo;
486 1581 553 1629 volat
563 1582 628 1630 Itala
638 1599 726 1631 cornus

161 1652 219 1697 aiirs
229 1665 273 1706 per
281 1652 393 1697 tenerum
403 1651 573 1706 stomachoque
582 1651 658 1698 infixa
667 1652 713 1700 sub
723 1652 801 1698 altum

113 1739 150 1775 700
162 1721 246 1774 peetus
256 1719 307 1766 abit
318 1739 323 1766 ε
337 1719 418 1766 reddit
428 1735 512 1776 specus
523 1718 572 1766 atri
581 1720 687 1767 vulneris
697 1721 789 1767 undam

161 1788 322 1844 spumantem,
334 1788 359 1834 et
369 1787 417 1834 fixo
426 1787 519 1835 ferrum
529 1787 555 1833 in
564 1787 678 1842 pulmone
687 1789 799 1844 tepescit.

162 1855 225 1901 Tum
235 1856 360 1910 Meropem
370 1858 443 1913 atque
453 1855 590 1912 Erymanta
596 1871 679 1914 manu,
687 1858 742 1903 tum
749 1858 837 1904 sternit

216 1924 366 1981 Aphidnum,

160 1993 214 2038 tum
224 1993 308 2040 Bitian
318 1993 443 2040 ardentem
453 1993 527 2041 oculis
534 1992 667 2048 animisqire
676 1993 828 2051 frementem,

160 2077 210 2108 nou
219 2061 298 2109 iaculo
308 2063 394 2119 (neque
403 2061 467 2108 enim
476 2060 555 2108 mento
565 2061 641 2108 vitam
650 2061 691 2108 ille
700 2062 814 2117 dedisset)
822 2084 826 2109 :

160 2129 202 2176 sed
212 2146 328 2186 magnum
338 2130 442 2176 stridens
452 2131 564 2177 contorta
572 2129 675 2178 falarica
684 2131 760 2188 venit,

159 2198 269 2245 fulminis
279 2200 335 2246 aeta
345 2198 422 2254 modo,
432 2213 504 2253 quam
514 2213 559 2245 nee
568 2197 616 2245 duo
625 2200 712 2246 taurea
721 2201 800 2257 terga,

159 2282 203 2314 nee
213 2267 305 2324 duplici
314 2282 414 2322 squama
423 2266 497 2313 lorica
506 2266 582 2313 fidelis
593 2268 618 2313 et
627 2282 689 2314 auro

159 2336 277 2382 sustinuit
286 2354 292 2392 ;
307 2335 414 2391 collapsa
423 2336 499 2381 ruunt
508 2335 625 2382 immania
633 2335 750 2384 membra.

159 2402 210 2449 Dat
233 2402 307 2450 tellus
323 2403 449 2461 gemitum,
473 2404 499 2450 et
518 2403 622 2459 clipeum
641 2419 715 2461 super
738 2405 835 2452 intonat

214 2470 307 2526 ingens.

207 2535 277 2587 (³40)
