<?xml version="1.0" encoding="UTF-8"?>
<!DOCTYPE html PUBLIC "-//W3C//DTD XHTML 1.0 Transitional//EN"
    "http://www.w3.org/TR/xhtml1/DTD/xhtml1-transitional.dtd">
<html xmlns="http://www.w3.org/1999/xhtml" xml:lang="en" lang="en">
 <head>
  <title>
</title>
<meta http-equiv="Content-Type" content="text/html;charset=utf-8" />
  <meta name='ocr-system' content='tesseract 3.04.00' />
  <meta name='ocr-capabilities' content='ocr_page ocr_carea ocr_par ocr_line ocrx_word'/>
</head>
<body>
  <div class='ocr_page' id='page_1' title='image "./pvergilimaronis07virggoog/pvergilimaronis07virggoog_0055.png"; bbox 0 0 1972 3164; ppageno 0'>
   <div class='ocr_carea' id='block_1_1' title="bbox 434 339 730 382">
    <p class='ocr_par' dir='ltr' id='par_1_1' title="bbox 434 339 730 382">
     <span class='ocr_line' id='line_1_1' title="bbox 434 339 730 382; baseline 0.01 -4"><span class='ocrx_word' id='word_1_1' title='bbox 434 339 457 378; x_wconf 90' lang='lat' dir='ltr'>P.</span> <span class='ocrx_word' id='word_1_2' title='bbox 470 339 589 382; x_wconf 79' lang='lat' dir='ltr'><strong>VERGILI</strong></span> <span class='ocrx_word' id='word_1_3' title='bbox 602 339 730 381; x_wconf 79' lang='lat' dir='ltr'><strong>MARONIS</strong></span> 
     </span>
    </p>
   </div>
   <div class='ocr_carea' id='block_1_2' title="bbox 196 439 891 1594">
    <p class='ocr_par' dir='ltr' id='par_1_2' title="bbox 196 439 891 1594">
     <span class='ocr_line' id='line_1_2' title="bbox 244 439 836 496; baseline -0.002 -8"><span class='ocrx_word' id='word_1_4' title='bbox 244 441 302 488; x_wconf 90' lang='lat' dir='ltr'>dum</span> <span class='ocrx_word' id='word_1_5' title='bbox 313 439 376 488; x_wconf 89' lang='lat' dir='ltr'>sicca</span> <span class='ocrx_word' id='word_1_6' title='bbox 384 439 471 487; x_wconf 86' lang='lat' dir='ltr'>tellure</span> <span class='ocrx_word' id='word_1_7' title='bbox 481 440 546 496; x_wconf 87' lang='lat' dir='ltr'>lieet,</span> <span class='ocrx_word' id='word_1_8' title='bbox 558 440 615 487; x_wconf 89' lang='lat' dir='ltr'>dnm</span> <span class='ocrx_word' id='word_1_9' title='bbox 627 440 712 488; x_wconf 88' lang='lat' dir='ltr'>nubila</span> <span class='ocrx_word' id='word_1_10' title='bbox 722 441 836 496; x_wconf 89' lang='lat' dir='ltr'>pendent.</span> 
     </span>
     <span class='ocr_line' id='line_1_3' title="bbox 244 509 891 567; baseline 0.002 -10"><span class='ocrx_word' id='word_1_11' title='bbox 244 509 309 557; x_wconf 85' lang='lat' dir='ltr'>Vere</span> <span class='ocrx_word' id='word_1_12' title='bbox 319 509 381 556; x_wconf 82' lang='lat' dir='ltr'>fabis</span> <span class='ocrx_word' id='word_1_13' title='bbox 392 510 454 556; x_wconf 90' lang='lat' dir='ltr'>satio</span> <span class='ocrx_word' id='word_1_14' title='bbox 463 529 468 566; x_wconf 87' lang='lat'>;</span> <span class='ocrx_word' id='word_1_15' title='bbox 484 510 538 556; x_wconf 89' lang='lat' dir='ltr'>tum</span> <span class='ocrx_word' id='word_1_16' title='bbox 547 510 573 556; x_wconf 86' lang='lat' dir='ltr'>ta</span> <span class='ocrx_word' id='word_1_17' title='bbox 583 524 684 566; x_wconf 87' lang='lat' dir='ltr'>quoqne,</span> <span class='ocrx_word' id='word_1_18' title='bbox 695 509 796 567; x_wconf 88' lang='lat' dir='ltr'>medica,</span> <span class='ocrx_word' id='word_1_19' title='bbox 807 510 891 565; x_wconf 86' lang='lat' dir='ltr'>putres</span> 
     </span>
     <span class='ocr_line' id='line_1_4' title="bbox 245 577 800 636; baseline 0 -11"><span class='ocrx_word' id='word_1_20' title='bbox 245 579 366 634; x_wconf 88' lang='lat' dir='ltr'>accipiunt</span> <span class='ocrx_word' id='word_1_21' title='bbox 376 578 444 634; x_wconf 86' lang='lat' dir='ltr'>sulci,</span> <span class='ocrx_word' id='word_1_22' title='bbox 456 580 480 625; x_wconf 91' lang='lat' dir='ltr'>et</span> <span class='ocrx_word' id='word_1_23' title='bbox 490 577 555 629; x_wconf 86' lang='lat' dir='ltr'>milio</span> <span class='ocrx_word' id='word_1_24' title='bbox 565 579 632 625; x_wconf 85' lang='lat' dir='ltr'>venit</span> <span class='ocrx_word' id='word_1_25' title='bbox 642 593 724 624; x_wconf 88' lang='lat' dir='ltr'>annua</span> <span class='ocrx_word' id='word_1_26' title='bbox 734 593 800 636; x_wconf 87' lang='lat' dir='ltr'>cura,</span> 
     </span>
     <span class='ocr_line' id='line_1_5' title="bbox 245 647 842 702; baseline -0.002 -7"><span class='ocrx_word' id='word_1_27' title='bbox 245 647 361 695; x_wconf 87' lang='lat' dir='ltr'>candidus</span> <span class='ocrx_word' id='word_1_28' title='bbox 372 647 465 693; x_wconf 89' lang='lat' dir='ltr'>auratis</span> <span class='ocrx_word' id='word_1_29' title='bbox 475 647 554 702; x_wconf 86' lang='lat' dir='ltr'>aperit</span> <span class='ocrx_word' id='word_1_30' title='bbox 564 662 619 693; x_wconf 87' lang='lat' dir='ltr'>curn</span> <span class='ocrx_word' id='word_1_31' title='bbox 630 647 742 693; x_wconf 89' lang='lat' dir='ltr'>cornibus</span> <span class='ocrx_word' id='word_1_32' title='bbox 750 663 842 694; x_wconf 90' lang='lat' dir='ltr'>annum</span> 
     </span>
     <span class='ocr_line' id='line_1_6' title="bbox 246 715 857 772; baseline 0.002 -10"><span class='ocrx_word' id='word_1_33' title='bbox 246 716 349 772; x_wconf 86' lang='lat' dir='ltr'>Taurus,</span> <span class='ocrx_word' id='word_1_34' title='bbox 361 717 385 762; x_wconf 90' lang='lat' dir='ltr'>et</span> <span class='ocrx_word' id='word_1_35' title='bbox 395 715 497 761; x_wconf 86' lang='lat' dir='ltr'>adverso</span> <span class='ocrx_word' id='word_1_36' title='bbox 507 715 592 762; x_wconf 84' lang='lat' dir='ltr'>cedens</span> <span class='ocrx_word' id='word_1_37' title='bbox 604 715 676 762; x_wconf 82' lang='lat' dir='ltr'>Oanis</span> <span class='ocrx_word' id='word_1_38' title='bbox 686 716 773 762; x_wconf 89' lang='lat' dir='ltr'>oceidit</span> <span class='ocrx_word' id='word_1_39' title='bbox 783 718 857 763; x_wconf 81' lang='lat' dir='ltr'>astro.</span> 
     </span>
     <span class='ocr_line' id='line_1_7' title="bbox 245 783 829 840; baseline 0.005 -11"><span class='ocrx_word' id='word_1_40' title='bbox 245 785 281 830; x_wconf 81' lang='lat' dir='ltr'>At</span> <span class='ocrx_word' id='word_1_41' title='bbox 291 784 312 830; x_wconf 91' lang='lat' dir='ltr'>si</span> <span class='ocrx_word' id='word_1_42' title='bbox 321 783 444 830; x_wconf 88' lang='lat' dir='ltr'>triticeam</span> <span class='ocrx_word' id='word_1_43' title='bbox 454 783 480 829; x_wconf 93' lang='lat' dir='ltr'>in</span> <span class='ocrx_word' id='word_1_44' title='bbox 491 799 592 830; x_wconf 80' lang='lat' dir='ltr'>messem</span> <span class='ocrx_word' id='word_1_45' title='bbox 603 783 750 840; x_wconf 79' lang='lat' dir='ltr'>robusteque</span> <span class='ocrx_word' id='word_1_46' title='bbox 760 784 829 832; x_wconf 86' lang='lat' dir='ltr'>farra</span> 
     </span>
     <span class='ocr_line' id='line_1_8' title="bbox 196 852 812 910; baseline 0.006 -14"><span class='ocrx_word' id='word_1_47' title='bbox 196 869 233 896; x_wconf 74' lang='lat'>220</span> <span class='ocrx_word' id='word_1_48' title='bbox 245 852 366 900; x_wconf 78' lang='lat' dir='ltr'>exercebis</span> <span class='ocrx_word' id='word_1_49' title='bbox 376 852 486 908; x_wconf 89' lang='lat' dir='ltr'>humum,</span> <span class='ocrx_word' id='word_1_50' title='bbox 497 852 599 907; x_wconf 90' lang='lat' dir='ltr'>solisque</span> <span class='ocrx_word' id='word_1_51' title='bbox 609 852 711 900; x_wconf 87' lang='lat' dir='ltr'>instabis</span> <span class='ocrx_word' id='word_1_52' title='bbox 722 853 812 910; x_wconf 88' lang='lat' dir='ltr'>aristis,</span> 
     </span>
     <span class='ocr_line' id='line_1_9' title="bbox 245 919 771 968; baseline 0 0"><span class='ocrx_word' id='word_1_53' title='bbox 245 922 303 968; x_wconf 87' lang='lat' dir='ltr'>ante</span> <span class='ocrx_word' id='word_1_54' title='bbox 312 920 358 967; x_wconf 90' lang='lat' dir='ltr'>tibi</span> <span class='ocrx_word' id='word_1_55' title='bbox 364 921 430 967; x_wconf 81' lang='lat' dir='ltr'>ane</span> <span class='ocrx_word' id='word_1_56' title='bbox 440 919 579 967; x_wconf 73' lang='lat' dir='ltr'>Atlantides</span> <span class='ocrx_word' id='word_1_57' title='bbox 590 921 771 968; x_wconf 89' lang='lat' dir='ltr'>abscondantur</span> 
     </span>
     <span class='ocr_line' id='line_1_10' title="bbox 246 989 821 1048; baseline 0 -11"><span class='ocrx_word' id='word_1_58' title='bbox 246 989 381 1045; x_wconf 80' lang='lat' dir='ltr'>Gnosiaque</span> <span class='ocrx_word' id='word_1_59' title='bbox 391 989 499 1036; x_wconf 86' lang='lat' dir='ltr'>ardentis</span> <span class='ocrx_word' id='word_1_60' title='bbox 510 989 611 1036; x_wconf 86' lang='lat' dir='ltr'>decedat</span> <span class='ocrx_word' id='word_1_61' title='bbox 622 990 693 1037; x_wconf 88' lang='lat' dir='ltr'>stella</span> <span class='ocrx_word' id='word_1_62' title='bbox 704 991 821 1048; x_wconf 81' lang='lat' dir='ltr'>Coronae,</span> 
     </span>
     <span class='ocr_line' id='line_1_11' title="bbox 245 1057 871 1114; baseline -0.002 -9"><span class='ocrx_word' id='word_1_63' title='bbox 245 1058 326 1105; x_wconf 87' lang='lat' dir='ltr'>debita</span> <span class='ocrx_word' id='word_1_64' title='bbox 336 1073 408 1113; x_wconf 90' lang='lat' dir='ltr'>quarn</span> <span class='ocrx_word' id='word_1_65' title='bbox 419 1057 491 1105; x_wconf 87' lang='lat' dir='ltr'>sulcis</span> <span class='ocrx_word' id='word_1_66' title='bbox 501 1057 638 1104; x_wconf 86' lang='lat' dir='ltr'>committas</span> <span class='ocrx_word' id='word_1_67' title='bbox 649 1059 742 1106; x_wconf 90' lang='lat' dir='ltr'>semina</span> <span class='ocrx_word' id='word_1_68' title='bbox 751 1073 871 1114; x_wconf 86' lang='lat' dir='ltr'>quamque</span> 
     </span>
     <span class='ocr_line' id='line_1_12' title="bbox 244 1125 808 1181; baseline 0.002 -8"><span class='ocrx_word' id='word_1_69' title='bbox 244 1126 335 1173; x_wconf 86' lang='lat' dir='ltr'>invitae</span> <span class='ocrx_word' id='word_1_70' title='bbox 345 1141 458 1181; x_wconf 89' lang='lat' dir='ltr'>properes</span> <span class='ocrx_word' id='word_1_71' title='bbox 469 1125 526 1172; x_wconf 87' lang='lat' dir='ltr'>anni</span> <span class='ocrx_word' id='word_1_72' title='bbox 536 1141 603 1181; x_wconf 90' lang='lat' dir='ltr'>spem</span> <span class='ocrx_word' id='word_1_73' title='bbox 614 1127 710 1174; x_wconf 90' lang='lat' dir='ltr'>credere</span> <span class='ocrx_word' id='word_1_74' title='bbox 720 1129 808 1174; x_wconf 86' lang='lat' dir='ltr'>terrae.</span> 
     </span>
     <span class='ocr_line' id='line_1_13' title="bbox 246 1194 841 1252; baseline 0 -10"><span class='ocrx_word' id='word_1_75' title='bbox 246 1194 321 1242; x_wconf 83' lang='lat' dir='ltr'>Multi</span> <span class='ocrx_word' id='word_1_76' title='bbox 330 1194 387 1241; x_wconf 88' lang='lat' dir='ltr'>ante</span> <span class='ocrx_word' id='word_1_77' title='bbox 397 1209 507 1241; x_wconf 88' lang='lat' dir='ltr'>occasum</span> <span class='ocrx_word' id='word_1_78' title='bbox 517 1194 598 1242; x_wconf 84' lang='lat' dir='ltr'>Maiae</span> <span class='ocrx_word' id='word_1_79' title='bbox 609 1211 720 1252; x_wconf 80' lang='lat' dir='ltr'>coepere3</span> <span class='ocrx_word' id='word_1_80' title='bbox 739 1196 780 1243; x_wconf 89' lang='lat' dir='ltr'>sed</span> <span class='ocrx_word' id='word_1_81' title='bbox 788 1196 841 1242; x_wconf 89' lang='lat' dir='ltr'>illos</span> 
     </span>
     <span class='ocr_line' id='line_1_14' title="bbox 245 1263 722 1319; baseline 0.004 -9"><span class='ocrx_word' id='word_1_82' title='bbox 245 1264 386 1319; x_wconf 84' lang='lat' dir='ltr'>exspectata</span> <span class='ocrx_word' id='word_1_83' title='bbox 395 1277 461 1319; x_wconf 78' lang='lat' dir='ltr'>seges</span> <span class='ocrx_word' id='word_1_84' title='bbox 471 1263 539 1309; x_wconf 87' lang='lat' dir='ltr'>vanis</span> <span class='ocrx_word' id='word_1_85' title='bbox 550 1263 621 1310; x_wconf 88' lang='lat' dir='ltr'>elusit</span> <span class='ocrx_word' id='word_1_86' title='bbox 631 1264 722 1312; x_wconf 81' lang='lat' dir='ltr'>aristis.</span> 
     </span>
     <span class='ocr_line' id='line_1_15' title="bbox 246 1331 829 1390; baseline 0.002 -12"><span class='ocrx_word' id='word_1_87' title='bbox 246 1333 339 1379; x_wconf 81' lang='lat' dir='ltr'>sivero</span> <span class='ocrx_word' id='word_1_88' title='bbox 350 1331 481 1386; x_wconf 86' lang='lat' dir='ltr'>viciamque</span> <span class='ocrx_word' id='word_1_89' title='bbox 493 1346 556 1378; x_wconf 89' lang='lat' dir='ltr'>seres</span> <span class='ocrx_word' id='word_1_90' title='bbox 566 1332 685 1388; x_wconf 85' lang='lat' dir='ltr'>vilemque</span> <span class='ocrx_word' id='word_1_91' title='bbox 696 1333 829 1390; x_wconf 82' lang='lat' dir='ltr'>phaselum,</span> 
     </span>
     <span class='ocr_line' id='line_1_16' title="bbox 245 1399 791 1458; baseline 0.005 -12"><span class='ocrx_word' id='word_1_92' title='bbox 245 1416 289 1448; x_wconf 90' lang='lat' dir='ltr'>nec</span> <span class='ocrx_word' id='word_1_93' title='bbox 300 1399 438 1447; x_wconf 81' lang='lat' dir='ltr'>Pelusiacae</span> <span class='ocrx_word' id='word_1_94' title='bbox 448 1415 531 1446; x_wconf 88' lang='lat' dir='ltr'>euram</span> <span class='ocrx_word' id='word_1_95' title='bbox 541 1402 700 1456; x_wconf 84' lang='lat' dir='ltr'>aspernabere</span> <span class='ocrx_word' id='word_1_96' title='bbox 710 1401 791 1458; x_wconf 87' lang='lat' dir='ltr'>lentis,</span> 
     </span>
     <span class='ocr_line' id='line_1_17' title="bbox 244 1469 859 1527; baseline 0 -11"><span class='ocrx_word' id='word_1_97' title='bbox 244 1470 311 1516; x_wconf 86' lang='lat' dir='ltr'>haud</span> <span class='ocrx_word' id='word_1_98' title='bbox 321 1469 422 1516; x_wconf 88' lang='lat' dir='ltr'>obscura</span> <span class='ocrx_word' id='word_1_99' title='bbox 432 1469 519 1516; x_wconf 88' lang='lat' dir='ltr'>cadens</span> <span class='ocrx_word' id='word_1_100' title='bbox 529 1469 612 1517; x_wconf 88' lang='lat' dir='ltr'>mittet</span> <span class='ocrx_word' id='word_1_101' title='bbox 621 1470 667 1516; x_wconf 90' lang='lat' dir='ltr'>tibi</span> <span class='ocrx_word' id='word_1_102' title='bbox 677 1471 746 1527; x_wconf 80' lang='lat' dir='ltr'>signa</span> <span class='ocrx_word' id='word_1_103' title='bbox 755 1471 843 1517; x_wconf 88' lang='lat' dir='ltr'>Bootes</span> <span class='ocrx_word' id='word_1_104' title='bbox 852 1489 859 1517; x_wconf 72' lang='grc' dir='ltr'><strong><em>τ</em></strong></span> 
     </span>
     <span class='ocr_line' id='line_1_18' title="bbox 196 1538 869 1594; baseline 0.006 -13"><span class='ocrx_word' id='word_1_105' title='bbox 196 1555 234 1592; x_wconf 77' lang='lat'>230</span> <span class='ocrx_word' id='word_1_106' title='bbox 244 1539 322 1594; x_wconf 88' lang='lat' dir='ltr'>incipe</span> <span class='ocrx_word' id='word_1_107' title='bbox 333 1539 357 1585; x_wconf 90' lang='lat' dir='ltr'>et</span> <span class='ocrx_word' id='word_1_108' title='bbox 367 1538 398 1584; x_wconf 88' lang='lat' dir='ltr'>ad</span> <span class='ocrx_word' id='word_1_109' title='bbox 408 1538 498 1586; x_wconf 89' lang='lat' dir='ltr'>medias</span> <span class='ocrx_word' id='word_1_110' title='bbox 509 1539 640 1586; x_wconf 88' lang='lat' dir='ltr'>sementem</span> <span class='ocrx_word' id='word_1_111' title='bbox 650 1538 751 1586; x_wconf 87' lang='lat' dir='ltr'>extende</span> <span class='ocrx_word' id='word_1_112' title='bbox 761 1538 869 1594; x_wconf 85' lang='lat' dir='ltr'>pruinas.</span> 
     </span>
    </p>
   </div>
   <div class='ocr_carea' id='block_1_3' title="bbox 244 1606 923 1800">
    <p class='ocr_par' dir='ltr' id='par_1_3' title="bbox 244 1606 923 1800">
     <span class='ocr_line' id='line_1_19' title="bbox 273 1606 804 1665; baseline 0.002 -12"><span class='ocrx_word' id='word_1_113' title='bbox 273 1607 367 1654; x_wconf 90' lang='lat' dir='ltr'>Idcirco</span> <span class='ocrx_word' id='word_1_114' title='bbox 376 1607 447 1653; x_wconf 87' lang='lat' dir='ltr'>certis</span> <span class='ocrx_word' id='word_1_115' title='bbox 458 1606 593 1653; x_wconf 87' lang='lat' dir='ltr'>dimensum</span> <span class='ocrx_word' id='word_1_116' title='bbox 603 1607 713 1663; x_wconf 83' lang='lat' dir='ltr'>partibus</span> <span class='ocrx_word' id='word_1_117' title='bbox 723 1607 804 1665; x_wconf 84' lang='lat' dir='ltr'>orbem</span> 
     </span>
     <span class='ocr_line' id='line_1_20' title="bbox 244 1675 801 1731; baseline 0.002 -10"><span class='ocrx_word' id='word_1_118' title='bbox 244 1691 287 1731; x_wconf 90' lang='lat' dir='ltr'>per</span> <span class='ocrx_word' id='word_1_119' title='bbox 297 1675 406 1721; x_wconf 83' lang='lat' dir='ltr'>duodena</span> <span class='ocrx_word' id='word_1_120' title='bbox 416 1675 479 1731; x_wconf 77' lang='lat' dir='ltr'>regit</span> <span class='ocrx_word' id='word_1_121' title='bbox 488 1675 572 1721; x_wconf 90' lang='lat' dir='ltr'>mnndi</span> <span class='ocrx_word' id='word_1_122' title='bbox 583 1675 618 1722; x_wconf 89' lang='lat' dir='ltr'>sol</span> <span class='ocrx_word' id='word_1_123' title='bbox 628 1690 715 1722; x_wconf 87' lang='lat' dir='ltr'>aurens</span> <span class='ocrx_word' id='word_1_124' title='bbox 726 1676 801 1722; x_wconf 86' lang='lat' dir='ltr'>astra.</span> 
     </span>
     <span class='ocr_line' id='line_1_21' title="bbox 245 1744 923 1800; baseline 0 -10"><span class='ocrx_word' id='word_1_125' title='bbox 245 1744 354 1800; x_wconf 80' lang='lat' dir='ltr'>Quinque</span> <span class='ocrx_word' id='word_1_126' title='bbox 385 1745 470 1790; x_wconf 88' lang='lat' dir='ltr'>tenent</span> <span class='ocrx_word' id='word_1_127' title='bbox 500 1744 593 1790; x_wconf 87' lang='lat' dir='ltr'>eaelum</span> <span class='ocrx_word' id='word_1_128' title='bbox 623 1759 712 1792; x_wconf 82' lang='lat' dir='ltr'>nonne:</span> <span class='ocrx_word' id='word_1_129' title='bbox 739 1759 842 1800; x_wconf 88' lang='lat' dir='ltr'>quarum</span> <span class='ocrx_word' id='word_1_130' title='bbox 871 1759 923 1790; x_wconf 89' lang='lat' dir='ltr'>una</span> 
     </span>
    </p>
   </div>
   <div class='ocr_carea' id='block_1_4' title="bbox 196 1827 923 2625">
    <p class='ocr_par' dir='ltr' id='par_1_4' title="bbox 244 1827 923 2280">
     <span class='ocr_line' id='line_1_22' title="bbox 301 1827 399 1859; baseline -0.01 0"><span class='ocrx_word' id='word_1_131' title='bbox 301 1827 399 1859; x_wconf 87' lang='lat' dir='ltr'>corusco</span> 
     </span>
     <span class='ocr_line' id='line_1_23' title="bbox 244 1879 851 1938; baseline 0 -10"><span class='ocrx_word' id='word_1_132' title='bbox 244 1896 339 1937; x_wconf 84' lang='lat' dir='ltr'>semper</span> <span class='ocrx_word' id='word_1_133' title='bbox 349 1880 396 1926; x_wconf 92' lang='lat' dir='ltr'>sole</span> <span class='ocrx_word' id='word_1_134' title='bbox 406 1879 494 1926; x_wconf 88' lang='lat' dir='ltr'>rubens</span> <span class='ocrx_word' id='word_1_135' title='bbox 505 1881 530 1927; x_wconf 88' lang='lat' dir='ltr'>et</span> <span class='ocrx_word' id='word_1_136' title='bbox 539 1881 632 1928; x_wconf 86' lang='lat' dir='ltr'>torrida</span> <span class='ocrx_word' id='word_1_137' title='bbox 642 1897 735 1937; x_wconf 87' lang='lat' dir='ltr'>semper</span> <span class='ocrx_word' id='word_1_138' title='bbox 745 1881 776 1927; x_wconf 86' lang='lat' dir='ltr'>ab</span> <span class='ocrx_word' id='word_1_139' title='bbox 785 1880 851 1938; x_wconf 75' lang='lat' dir='ltr'>igni3</span> 
     </span>
     <span class='ocr_line' id='line_1_24' title="bbox 245 1949 923 2006; baseline 0 -11"><span class='ocrx_word' id='word_1_140' title='bbox 245 1965 317 2006; x_wconf 85' lang='lat' dir='ltr'>quam</span> <span class='ocrx_word' id='word_1_141' title='bbox 328 1949 417 1997; x_wconf 90' lang='lat' dir='ltr'>circum</span> <span class='ocrx_word' id='word_1_142' title='bbox 427 1950 548 1996; x_wconf 83' lang='lat' dir='ltr'>extremae</span> <span class='ocrx_word' id='word_1_143' title='bbox 559 1950 646 1996; x_wconf 82' lang='lat' dir='ltr'>dextra</span> <span class='ocrx_word' id='word_1_144' title='bbox 657 1950 772 2005; x_wconf 85' lang='lat' dir='ltr'>laevaque</span> <span class='ocrx_word' id='word_1_145' title='bbox 785 1949 923 1996; x_wconf 86' lang='lat' dir='ltr'>trahuntur</span> 
     </span>
     <span class='ocr_line' id='line_1_25' title="bbox 245 2014 895 2074; baseline -0.002 -9"><span class='ocrx_word' id='word_1_146' title='bbox 245 2018 376 2074; x_wconf 83' lang='lat' dir='ltr'>caeruleae,</span> <span class='ocrx_word' id='word_1_147' title='bbox 387 2018 463 2073; x_wconf 76' lang='lat' dir='ltr'>glacie</span> <span class='ocrx_word' id='word_1_148' title='bbox 473 2019 599 2065; x_wconf 76' lang='lat' dir='ltr'>concretae</span> <span class='ocrx_word' id='word_1_149' title='bbox 609 2020 681 2074; x_wconf 89' lang='lat' dir='ltr'>atque</span> <span class='ocrx_word' id='word_1_150' title='bbox 690 2014 808 2064; x_wconf 87' lang='lat' dir='ltr'>imbribus</span> <span class='ocrx_word' id='word_1_151' title='bbox 817 2016 895 2074; x_wconf 79' lang='lat' dir='ltr'>atris3</span> 
     </span>
     <span class='ocr_line' id='line_1_26' title="bbox 244 2085 834 2142; baseline 0 -10"><span class='ocrx_word' id='word_1_152' title='bbox 244 2086 288 2133; x_wconf 85' lang='lat' dir='ltr'>has</span> <span class='ocrx_word' id='word_1_153' title='bbox 298 2086 362 2132; x_wconf 89' lang='lat' dir='ltr'>inter</span> <span class='ocrx_word' id='word_1_154' title='bbox 371 2086 519 2141; x_wconf 86' lang='lat' dir='ltr'>mediamque</span> <span class='ocrx_word' id='word_1_155' title='bbox 530 2087 592 2133; x_wconf 89' lang='lat' dir='ltr'>duae</span> <span class='ocrx_word' id='word_1_156' title='bbox 602 2087 744 2133; x_wconf 89' lang='lat' dir='ltr'>mortalibus</span> <span class='ocrx_word' id='word_1_157' title='bbox 755 2085 834 2142; x_wconf 73' lang='lat' dir='ltr'>aegris</span> 
     </span>
     <span class='ocr_line' id='line_1_27' title="bbox 245 2153 898 2212; baseline -0.002 -11"><span class='ocrx_word' id='word_1_158' title='bbox 245 2170 344 2201; x_wconf 88' lang='lat' dir='ltr'>munere</span> <span class='ocrx_word' id='word_1_159' title='bbox 354 2170 478 2202; x_wconf 89' lang='lat' dir='ltr'>concessae</span> <span class='ocrx_word' id='word_1_160' title='bbox 488 2154 579 2211; x_wconf 82' lang='lat' dir='ltr'>diuum,</span> <span class='ocrx_word' id='word_1_161' title='bbox 590 2157 615 2202; x_wconf 90' lang='lat' dir='ltr'>et</span> <span class='ocrx_word' id='word_1_162' title='bbox 626 2155 666 2202; x_wconf 81' lang='lat' dir='ltr'>via</span> <span class='ocrx_word' id='word_1_163' title='bbox 676 2156 742 2203; x_wconf 86' lang='lat' dir='ltr'>secta</span> <span class='ocrx_word' id='word_1_164' title='bbox 751 2170 794 2210; x_wconf 89' lang='lat' dir='ltr'>per</span> <span class='ocrx_word' id='word_1_165' title='bbox 803 2153 898 2212; x_wconf 80' lang='lat' dir='ltr'>ambas,</span> 
     </span>
     <span class='ocr_line' id='line_1_28' title="bbox 245 2222 769 2280; baseline 0.004 -12"><span class='ocrx_word' id='word_1_166' title='bbox 245 2222 354 2278; x_wconf 91' lang='lat' dir='ltr'>obliquus</span> <span class='ocrx_word' id='word_1_167' title='bbox 364 2238 445 2278; x_wconf 90' lang='lat' dir='ltr'>quase</span> <span class='ocrx_word' id='word_1_168' title='bbox 456 2223 579 2280; x_wconf 79' lang='lat' dir='ltr'>signorum</span> <span class='ocrx_word' id='word_1_169' title='bbox 589 2225 695 2270; x_wconf 86' lang='lat' dir='ltr'>verteret</span> <span class='ocrx_word' id='word_1_170' title='bbox 704 2223 769 2271; x_wconf 93' lang='lat' dir='ltr'>ordo.</span> 
     </span>
    </p>

    <p class='ocr_par' dir='ltr' id='par_1_5' title="bbox 196 2291 923 2625">
     <span class='ocr_line' id='line_1_29' title="bbox 196 2291 923 2349; baseline 0.007 -13"><span class='ocrx_word' id='word_1_171' title='bbox 196 2311 233 2346; x_wconf 86' lang='lat'>240</span> <span class='ocrx_word' id='word_1_172' title='bbox 245 2291 361 2349; x_wconf 87' lang='lat' dir='ltr'>Mundus,</span> <span class='ocrx_word' id='word_1_173' title='bbox 368 2294 396 2338; x_wconf 89' lang='lat' dir='ltr'>ut</span> <span class='ocrx_word' id='word_1_174' title='bbox 407 2292 437 2338; x_wconf 88' lang='lat' dir='ltr'>ad</span> <span class='ocrx_word' id='word_1_175' title='bbox 444 2292 567 2347; x_wconf 85' lang='lat' dir='ltr'>Scythiam</span> <span class='ocrx_word' id='word_1_176' title='bbox 577 2293 745 2348; x_wconf 85' lang='lat' dir='ltr'>Rhipaeasque</span> <span class='ocrx_word' id='word_1_177' title='bbox 753 2292 844 2340; x_wconf 86' lang='lat' dir='ltr'>arduus</span> <span class='ocrx_word' id='word_1_178' title='bbox 853 2307 923 2341; x_wconf 78' lang='lat' dir='ltr'>arces</span> 
     </span>
     <span class='ocr_line' id='line_1_30' title="bbox 245 2360 876 2418; baseline 0.006 -13"><span class='ocrx_word' id='word_1_179' title='bbox 245 2360 378 2418; x_wconf 84' lang='lat' dir='ltr'>consurgit,</span> <span class='ocrx_word' id='word_1_180' title='bbox 389 2361 507 2415; x_wconf 87' lang='lat' dir='ltr'>premitur</span> <span class='ocrx_word' id='word_1_181' title='bbox 520 2360 610 2415; x_wconf 88' lang='lat' dir='ltr'>Libyae</span> <span class='ocrx_word' id='word_1_182' title='bbox 621 2361 725 2408; x_wconf 85' lang='lat' dir='ltr'>devexus</span> <span class='ocrx_word' id='word_1_183' title='bbox 735 2361 761 2406; x_wconf 89' lang='lat' dir='ltr'>in</span> <span class='ocrx_word' id='word_1_184' title='bbox 771 2362 876 2409; x_wconf 86' lang='lat' dir='ltr'>austros.</span> 
     </span>
     <span class='ocr_line' id='line_1_31' title="bbox 245 2428 821 2486; baseline 0.003 -12"><span class='ocrx_word' id='word_1_185' title='bbox 245 2428 293 2474; x_wconf 90' lang='lat' dir='ltr'>Hic</span> <span class='ocrx_word' id='word_1_186' title='bbox 303 2430 386 2475; x_wconf 84' lang='lat' dir='ltr'>vertex</span> <span class='ocrx_word' id='word_1_187' title='bbox 396 2428 464 2474; x_wconf 88' lang='lat' dir='ltr'>nobis</span> <span class='ocrx_word' id='word_1_188' title='bbox 475 2443 568 2483; x_wconf 86' lang='lat' dir='ltr'>sempor</span> <span class='ocrx_word' id='word_1_189' title='bbox 578 2428 685 2476; x_wconf 89' lang='lat' dir='ltr'>sublimis</span> <span class='ocrx_word' id='word_1_190' title='bbox 695 2448 701 2486; x_wconf 88' lang='lat'>;</span> <span class='ocrx_word' id='word_1_191' title='bbox 716 2430 742 2476; x_wconf 89' lang='lat' dir='ltr'>at</span> <span class='ocrx_word' id='word_1_192' title='bbox 752 2429 821 2476; x_wconf 89' lang='lat' dir='ltr'>illum</span> 
     </span>
     <span class='ocr_line' id='line_1_32' title="bbox 244 2496 885 2554; baseline 0.008 -13"><span class='ocrx_word' id='word_1_193' title='bbox 244 2496 288 2542; x_wconf 88' lang='lat' dir='ltr'>sub</span> <span class='ocrx_word' id='word_1_194' title='bbox 298 2496 398 2551; x_wconf 87' lang='lat' dir='ltr'>pedibus</span> <span class='ocrx_word' id='word_1_195' title='bbox 409 2497 470 2552; x_wconf 83' lang='lat' dir='ltr'>Styx</span> <span class='ocrx_word' id='word_1_196' title='bbox 479 2498 534 2543; x_wconf 87' lang='lat' dir='ltr'>atra</span> <span class='ocrx_word' id='word_1_197' title='bbox 543 2497 609 2544; x_wconf 86' lang='lat' dir='ltr'>videt</span> <span class='ocrx_word' id='word_1_198' title='bbox 619 2497 750 2553; x_wconf 89' lang='lat' dir='ltr'>Manesque</span> <span class='ocrx_word' id='word_1_199' title='bbox 760 2497 885 2554; x_wconf 83' lang='lat' dir='ltr'>profundi.</span> 
     </span>
     <span class='ocr_line' id='line_1_33' title="bbox 244 2563 814 2625; baseline 0.007 -16"><span class='ocrx_word' id='word_1_200' title='bbox 244 2563 366 2611; x_wconf 88' lang='lat' dir='ltr'>Maximus</span> <span class='ocrx_word' id='word_1_201' title='bbox 376 2565 414 2612; x_wconf 91' lang='lat' dir='ltr'>hic</span> <span class='ocrx_word' id='word_1_202' title='bbox 424 2564 488 2612; x_wconf 83' lang='lat' dir='ltr'>flexu</span> <span class='ocrx_word' id='word_1_203' title='bbox 498 2565 594 2613; x_wconf 85' lang='lat' dir='ltr'>sinuoso</span> <span class='ocrx_word' id='word_1_204' title='bbox 604 2565 709 2612; x_wconf 86' lang='lat' dir='ltr'>elabitur</span> <span class='ocrx_word' id='word_1_205' title='bbox 718 2565 814 2625; x_wconf 82' lang='lat' dir='ltr'>Anguis</span> 
     </span>
    </p>
   </div>
   <div class='ocr_carea' id='block_1_5' title="bbox 263 2648 900 2749">
    <p class='ocr_par' dir='ltr' id='par_1_6' title="bbox 263 2648 900 2749">
     <span class='ocr_line' id='line_1_34' title="bbox 263 2648 900 2747; baseline 0.005 -64"><span class='ocrx_word' id='word_1_206' title='bbox 263 2651 300 2747; x_wconf 76' lang='grc'>226(</span> <span class='ocrx_word' id='word_1_207' title='bbox 319 2648 358 2747; x_wconf 61' lang='grc' dir='ltr'>ἓ..)1</span> <span class='ocrx_word' id='word_1_208' title='bbox 368 2649 455 2684; x_wconf 84' lang='lat' dir='ltr'>‘avenis&#39;</span> <span class='ocrx_word' id='word_1_209' title='bbox 582 2654 617 2685; x_wconf 69' lang='lat'>236.</span> <span class='ocrx_word' id='word_1_210' title='bbox 639 2650 747 2685; x_wconf 82' lang='lat' dir='ltr'>‘oasnrlea’</span> <span class='ocrx_word' id='word_1_211' title='bbox 754 2651 797 2686; x_wconf 84' lang='lat' dir='ltr'>edd.</span> <span class='ocrx_word' id='word_1_212' title='bbox 804 2650 900 2693; x_wconf 82' lang='lat' dir='ltr'>plerique.</span> 
     </span>
     <span class='ocr_line' id='line_1_35' title="bbox 308 2713 320 2749; baseline 0 0"><span class='ocrx_word' id='word_1_213' title='bbox 308 2713 320 2749; x_wconf 90' lang='lat'>4</span> 
     </span>
    </p>
   </div>
   <div class='ocr_carea' id='block_1_6' title="bbox 0 0 997 3164">
    <p class='ocr_par' dir='ltr' id='par_1_7' title="bbox 0 0 997 3164">
     <span class='ocr_line' id='line_1_36' title="bbox 0 0 997 3164; baseline 0 0"><span class='ocrx_word' id='word_1_214' title='bbox 0 0 997 3164; x_wconf 95' lang='lat' dir='ltr'> </span> 
     </span>
    </p>
   </div>
  </div>
 </body>
</html>
