1972 3164
312 192 423 234 aurare.
450 163 482 233 iv

61 293 89 339 at
97 284 160 334 bello
169 283 266 336 audacis
275 287 359 346 populi
367 289 471 337 vexatus
481 290 506 337 et
516 291 598 349 armis,

58 356 149 404 finibus
158 358 271 416 extorris,
281 361 408 418 complexu
416 361 516 408 avulsus
526 360 576 407 Iuli

58 425 178 473 auxilium
187 426 299 484 imploret
309 430 436 486 videatque
445 431 546 486 indigna
555 444 654 477 suorum

59 494 164 552 funera3
178 510 231 553 nec,
242 511 298 543 cum
308 512 333 544 se
343 497 388 544 sub
397 496 462 554 leges
473 497 538 554 pacis
548 497 645 554 iniquae

59 562 199 621 tradiderit,
209 579 284 620 regno
294 567 338 612 aut
347 567 433 621 optata
442 565 495 612 luce
505 565 613 624 fruatur,

10 642 52 682 520
61 630 105 677 sed
115 631 187 678 cadat
196 633 254 680 ante
264 631 327 679 diem
337 633 462 688 mediaque
471 633 614 681 inhumatus
624 634 724 682 harena.

61 699 132 747 Haec
141 714 235 758 precor,
245 701 309 749 hane
318 716 401 748 vocem
411 704 546 749 extremam
556 718 611 750 oum
622 703 739 760 sanquine

118 766 203 814 fundo.

61 833 127 882 Tum
136 849 189 892 vos,
200 849 217 884 o
227 836 305 895 Tyrii,
316 836 417 893 stirpem
428 839 453 884 et
462 853 539 894 genus
549 853 619 885 omne
628 839 740 886 futurum

62 905 173 950 exercete
182 904 250 962 odiis,
261 905 381 962 cinerique
390 906 450 953 haec
459 906 551 954 mittite
560 909 644 954 nostro
744 942 746 946 -

61 986 173 1019 munera.
203 972 292 1021 Nullus
301 989 370 1021 amor
379 974 474 1030 populis
482 990 527 1022 nec
537 975 636 1022 foedera
645 977 725 1022 sunto.

62 1039 182 1087 Exoriare
192 1041 277 1097 aliquis
286 1042 377 1089 nostris
386 1057 416 1089 ex
425 1042 518 1089 ossibus
527 1043 602 1101 ultor,

61 1108 104 1165 qui
112 1108 168 1156 iace
177 1109 313 1158 Dardanios
323 1110 434 1166 ferroque
444 1126 544 1167 sequare
551 1112 656 1168 colonos,

61 1192 138 1235 nunc,
148 1176 214 1234 olim,
224 1193 372 1234 quocumque
382 1179 476 1226 dabunt
486 1194 511 1226 se
518 1182 628 1234 tempore
638 1179 711 1226 vires.

62 1245 151 1294 Iitora
159 1244 270 1293 litoribus
280 1248 411 1305 contraria,
422 1248 536 1294 fluctibus
545 1248 623 1294 undas

61 1314 193 1374 imprecor,
206 1330 276 1362 arma
290 1315 377 1363 armis:
399 1317 509 1372 pugnent
524 1316 616 1372 ipsique
633 1316 742 1371 nepotes·

120 1384 184 1439 que.'

12 1467 55 1517 ⁶30
92 1451 163 1501 Haec
173 1451 217 1510 ait,
226 1454 252 1500 et
261 1455 344 1509 partes
354 1452 462 1500 animum
471 1450 586 1500 versabat
595 1451 620 1499 in
630 1466 721 1508 omnes,

62 1520 168 1569 invisam
177 1536 294 1577 quaerens
304 1538 377 1577 quam
388 1521 493 1578 primum
503 1521 646 1576 abrumpere
655 1519 742 1567 lucem.

63 1590 131 1638 Tum
139 1590 245 1638 breviter
254 1591 351 1638 Barcen
358 1590 478 1637 nutricem
488 1590 566 1636 affata
576 1588 686 1645 Sychaei,

62 1674 169 1714 namque
179 1675 247 1706 suam
256 1659 338 1715 patria
346 1659 448 1715 antiqua
456 1659 515 1706 cinis
525 1660 579 1706 ater
588 1656 708 1704 habehat:

63 1727 179 1774 ‘Annam
189 1743 246 1775 cara
255 1727 315 1774 mihi
324 1727 409 1775 nutrix
419 1727 467 1775 huc
477 1727 535 1775 siste
545 1742 651 1775 sororem
661 1745 667 1774 ι

63 1797 104 1844 dic
114 1811 203 1852 corpus
210 1796 323 1852 properet
332 1796 424 1843 fluviali
433 1811 547 1853 spargere
559 1795 659 1852 lympha

63 1866 90 1912 et
100 1865 204 1921 pecudes
213 1880 295 1913 secum
304 1867 330 1912 et
339 1866 475 1912 monstrata
484 1864 579 1921 piacula
588 1864 672 1911 ducat.

65 1932 107 1982 Sic
116 1932 206 1991 veniat,
215 1935 292 1990 tuque
301 1933 354 1990 ipsa
363 1935 404 1989 pia
412 1936 466 1990 tege
476 1934 586 1988 tempora
596 1932 668 1978 vitta.

65 2001 143 2053 Sacra
153 2002 206 2050 Iovi
216 2002 310 2060 Stygio,
320 2018 381 2058 quae
391 2003 439 2050 rite
447 2002 545 2057 incepta
554 1999 648 2057 paravi,

65 2071 183 2131 perficere
192 2073 230 2119 est
239 2071 334 2118 animus
344 2071 462 2127 finemque
470 2070 594 2126 imponere
604 2067 677 2123 curis,

18 2154 58 2204 ⁶40
67 2140 234 2196 Dardaniique
243 2155 329 2197 rogum
339 2140 424 2196 capitis
434 2138 575 2195 permittere
584 2134 714 2182 flammae!

67 2209 110 2258 Sic
119 2209 163 2257 ait.
193 2209 241 2256 Illa
248 2209 351 2266 gradum
361 2207 441 2255 studio
449 2206 569 2255 celerabat
579 2202 646 2251 anili.

67 2279 105 2327 At
114 2277 211 2334 trepida
219 2279 245 2325 et
254 2277 344 2333 coeptis
353 2275 498 2323 immanibus
508 2275 583 2322 effera
593 2271 666 2326 Dido,

66 2346 227 2403 sanguineam
236 2346 335 2394 volvens
345 2345 420 2392 aciem
430 2342 576 2396 maculisque
584 2339 716 2387 trementes

65 2414 191 2463 interfusa
200 2429 274 2474 genas
283 2416 308 2461 et
318 2414 409 2470 pallida
418 2413 496 2458 morte
506 2409 599 2465 futura,

66 2482 186 2531 interiora
195 2483 280 2530 domus
289 2481 405 2537 irrumpit
414 2479 499 2526 limina
508 2479 533 2525 et
543 2477 605 2524 altos

118 2551 190 2602 (207)
