1972 3164
418 183 528 225 sums
553 185 596 224 x11

131 313 133 318 .
173 277 209 324 ‘0
219 280 347 337 praestans
357 280 433 327 animi
442 280 543 336 iuvenis,
554 281 672 336 quantum
682 282 733 337 ipse
742 281 818 330 feroci

136 367 161 394 ao
171 347 265 396 virtute
274 363 412 405 exsuperas,
422 350 493 396 tanto
502 364 541 397 me
549 349 681 405 impensius
696 365 799 406 aequum
808 351 846 398 est

171 417 296 465 consulere
303 418 376 472 atque
383 431 465 464 omnes
472 419 621 465 metuentem
627 419 761 474 expendere
768 433 845 465 casus.

172 487 236 534 Sunt
245 485 291 534 tibi
300 501 376 542 regna
385 487 463 542 patris
473 487 564 544 Dauni,
576 488 634 534 sunt
643 486 732 542 oppida
741 488 814 542 capta

171 555 252 602 multa
280 569 363 611 manu,
391 569 435 602 nec
468 569 517 602 non
544 571 678 612 aurumque
706 555 847 611 animusque

228 622 317 670 Latino
326 624 379 679 est3

172 692 230 740 sunt
239 691 301 738 aliae
310 690 428 747 innuptae
437 691 508 740 Latio
517 693 542 740 et
553 692 716 741 Laurentibus
726 693 799 749 arvis,

171 760 435 817 neegenusindecores.
460 761 848 810 Sinemehaechaudmolliaiatu

172 829 275 877 sublatis
285 828 379 885 aperire
389 828 457 885 dolis,
468 829 540 876 simul
549 830 594 877 hoc
604 830 684 877 auimo
693 830 773 878 hauri.

172 898 214 945 Me
224 899 308 944 natam
318 897 380 943 nulli
388 897 499 945 veterum
508 898 599 945 sociare
609 913 735 954 procorum

172 966 211 1013 fas
221 967 282 1022 erat,
290 965 361 1021 idque
367 980 449 1013 omnes
456 966 549 1023 divique
558 966 712 1021 hominesque
719 965 847 1013 canebant.

147 1096 151 1101 Ι
173 1035 260 1082 Victus
270 1049 351 1082 amore
360 1035 405 1092 tui,
417 1037 520 1092 cognato
529 1035 646 1091 sanguine
655 1035 735 1082 victus

138 1120 164 1159 30
173 1102 281 1160 coniugis
291 1105 316 1150 et
325 1105 433 1150 maestae
442 1103 556 1160 lacrimis,
566 1102 647 1150 vincla
656 1102 737 1149 omnia
746 1101 802 1157 rupi
810 1122 816 1148 z

174 1171 317 1228 promissam
327 1171 404 1227 eripui
413 1186 510 1228 genero,
521 1186 590 1218 mma
599 1171 674 1227 impia
683 1169 783 1226 sumpsi.

174 1241 215 1287 Ex
223 1239 265 1286 illo
278 1239 319 1294 qui
328 1255 366 1286 me
376 1254 454 1296 casus,
468 1253 538 1296 quae,
548 1239 639 1294 Turne,
650 1239 783 1294 sequantur

173 1308 246 1365 bella,
257 1307 331 1364 vides,
342 1310 446 1362 quantos
456 1307 548 1363 primus
558 1307 653 1362 patiare
662 1305 765 1354 labores.

174 1378 218 1424 Bis
228 1391 318 1434 magna
327 1376 386 1423 victi
396 1391 479 1432 pugna
488 1375 529 1422 vix
538 1375 597 1421 urbe
607 1376 705 1422 tuemur

174 1460 229 1501 spes
239 1444 316 1490 Italas
326 1462 331 1499 ;
347 1443 454 1490 recalent
464 1444 546 1490 nostro
556 1441 680 1498 Thybrina
689 1442 781 1488 fluenta

175 1508 293 1565 sanguine
303 1508 382 1555 adhuc
392 1507 516 1563 campique
529 1506 641 1564 ingentes
656 1505 749 1552 ossibus
759 1504 849 1551 albent.

176 1578 229 1634 Quo
239 1577 333 1623 referor
341 1576 447 1622 totiens?
459 1589 520 1631 quae
530 1576 636 1622 mentem
649 1573 744 1620 insania
753 1575 853 1620 mutat?

176 1646 197 1693 si
206 1646 290 1692 Turno
300 1643 420 1691 exstincto
430 1643 504 1690 socios
514 1658 567 1690 sum
577 1641 654 1690 ascire
663 1643 774 1699 paratus,

177 1729 221 1762 cur
230 1728 278 1760 non
287 1712 402 1759 incolumi
411 1712 492 1767 potius
502 1711 636 1759 certamina
644 1710 722 1757 tollo?

142 1804 167 1842 ⁴0
177 1782 234 1840 quid
244 1780 416 1838 consanguinei
425 1779 520 1837 Rutuli,
531 1779 589 1835 quid
599 1780 678 1826 cetera
688 1778 751 1825 dicet

178 1851 260 1907 Italia,
270 1850 302 1897 od
311 1851 413 1896 montem
423 1849 444 1896 si
453 1849 479 1895 te
489 1849 559 1902 (Fors
568 1848 635 1895 dicta
643 1847 745 1903 refutet)

178 1919 331 1976 prodiderim,
342 1919 427 1966 natam
436 1920 461 1965 et
471 1916 573 1965 conubia
582 1918 667 1963 nostra
675 1917 815 1972 petentem?

178 1987 280 2043 Respice
289 2003 328 2034 res
337 1986 399 2034 bello
409 1986 503 2043 varias;
518 1985 630 2032 miserere
640 1984 749 2039 parentis

178 2055 296 2112 longaevi,
307 2070 378 2111 quem
387 2071 452 2102 nunc
461 2056 581 2102 maestum
591 2054 672 2111 patria
681 2054 764 2100 Ardea
773 2050 843 2108 longe

179 2124 282 2173 dividit)
312 2123 506 2179 Haudquaquam
516 2124 587 2172 dictis
597 2122 712 2170 violentia
722 2120 799 2168 Turni

179 2194 300 2242 flectitur:
315 2195 444 2249 exsuperat
453 2193 531 2250 magis
541 2192 704 2250 aegrescimus
714 2188 838 2237 medendo·

179 2262 215 2310 Ut
225 2263 330 2319 primum
339 2262 388 2308 tari
397 2261 485 2319 potuit,
496 2261 530 2308 sic
539 2261 630 2308 institit
639 2275 680 2307 ore
689 2280 694 2306 :

180 2331 274 2387 ‘Quam
287 2344 331 2386 pro
343 2344 381 2376 me
395 2344 478 2376 curam
491 2329 563 2385 geris,
574 2329 637 2375 hanc
652 2341 745 2383 precor,
755 2324 855 2381 optime,

180 2415 285 2585 ἁθρὲᾞ
290 2413 417 2584 ›iliiumque
427 2467 492 2513 sinas
501 2480 546 2523 pro
554 2463 626 2512 laude
636 2461 751 2520 pascisci=

246 2548 281 2586 405
