1972 3164
310 161 421 203 AENEIS.
446 163 478 202 XI

20 276 46 313 50
56 259 108 306 fors
117 259 144 306 et
152 261 211 306 vota
219 259 288 315 iacit,
299 259 454 314 cumulatque
462 259 552 314 ¹altaria
561 259 629 306 donis
639 280 645 306 z

56 341 99 374 nos
108 325 219 374 iuvenem
229 325 367 374 exanimum
377 327 402 373 et
411 326 447 373 nil
455 326 505 372 iam
515 326 658 374 caelestibus
668 327 724 373 ullis

56 394 183 442 debentem
193 410 256 442 vano
266 394 353 442 maesti
363 395 508 442 comitamur
517 394 615 442 honore.

55 463 154 520 Infelix,
165 464 218 511 nati
228 463 303 510 funus
313 462 409 511 crudele
418 463 509 510 videbis
518 465 523 510 1

55 532 92 578 Hi
100 531 180 579 nostri
188 533 282 579 reditus
291 531 472 587 exspectatique
481 531 608 589 triumphi,

55 600 115 648 haec
134 615 188 648 mea
206 616 297 660 magna
316 600 394 648 fides?
422 600 458 647 At
474 616 531 658 non,
549 600 673 657 Euandre,
688 615 732 656 pn·

112 669 197 717 dendis

55 737 196 785 vulneribus
206 737 305 795 pulsum
315 738 425 796 aspicies,
435 753 480 786 nec
494 737 584 793 sospite
595 737 674 785 dirum

56 805 152 862 optabis
161 808 221 854 nato
229 808 304 854 funus
314 810 393 864 pater.
424 806 473 855 Hei
482 807 550 863 mihi,
561 808 679 862 quantum

55 874 203 932 praesidinm
213 876 322 924 Ausonia
331 880 357 924 et
366 878 484 933 qnantum
494 877 524 922 tu
533 875 622 932 perdis,
636 873 690 922 lule
700 878 706 921 l
717 875 722 893 '

84 943 153 993 Haec
162 945 205 991 ubi
213 945 318 1003 deflevit,
329 945 383 992 tolli
392 943 527 992 miserabile
536 958 624 998 corpus

18 1023 46 1063 60
54 1011 169 1071 imperat,
179 1017 205 1061 et
214 1016 267 1061 toto
275 1013 350 1061 lectos
359 1029 390 1060 ex
399 1013 495 1070 agmine
505 1011 583 1058 mittit

55 1080 121 1129 mille
131 1082 203 1138 viros,
214 1082 255 1138 qui
264 1097 405 1138 supremum
414 1081 561 1128 comitentur
574 1078 700 1134 honorem,

54 1149 215 1206 intersintque
225 1152 303 1206 patris
312 1150 427 1206 lacrimis,
438 1149 525 1195 solatia
533 1147 615 1193 luctus

55 1219 144 1275 exigua
152 1218 265 1275 ingentis,
276 1219 364 1265 misero
374 1218 416 1264 sed
426 1216 508 1264 debita
517 1213 591 1270 patri.

56 1286 132 1334 Haud
141 1302 226 1342 segnes
236 1286 277 1334 alii
287 1288 366 1334 cretes
376 1288 401 1333 et
411 1284 482 1332 molle
492 1282 611 1330 feretrum

56 1354 164 1402 arbuteis
174 1356 262 1402 texunt
271 1355 347 1413 virgis
357 1355 383 1401 et
392 1353 481 1400 vimine
490 1365 589 1408 querno,

55 1425 239 1478 exstructosque
249 1424 315 1469 toros
324 1423 427 1470 obtentu
436 1421 531 1468 frondis
540 1417 690 1465 inumbrant.

56 1492 106 1539 Hic
116 1492 227 1539 invenem
237 1491 328 1548 agresti
338 1491 464 1538 sublimem
475 1488 592 1536 stramine
601 1487 704 1544 ponunt,

56 1560 153 1617 qualem
162 1560 271 1617 virgineo
279 1560 413 1607 demessum
423 1558 508 1614 pollice
518 1557 602 1604 florem

56 1646 100 1677 sen
110 1629 189 1677 mollis
199 1628 276 1676 violae
286 1643 328 1676 seu
336 1627 475 1685 languentis
484 1624 620 1683 hyacinthi,

20 1714 48 1753 70
57 1697 97 1747 cui
105 1714 182 1755 neque
190 1698 272 1756 fulgor
281 1697 360 1745 adhuc
370 1697 477 1744 necdum
486 1695 617 1742 suaiorma
623 1692 732 1750 recessit,

57 1783 106 1815 non
116 1768 165 1816 iam
175 1770 255 1815 mater
264 1766 308 1813 elit
317 1766 390 1814 tellus
399 1765 509 1821 viresque
519 1762 652 1810 ministrat.

58 1838 122 1884 Tum
132 1837 241 1894 geminas
250 1836 330 1883 vestes
339 1849 445 1890 auroque
454 1836 567 1888 ostroque
576 1831 684 1887 rigentes

57 1905 147 1953 extulit
156 1906 259 1962 Aeneas,
270 1919 330 1960 quas
339 1904 375 1950 illi
384 1903 451 1950 laeta
459 1902 570 1949 laborum

57 1974 111 2030 ipsa
121 1974 171 2022 suis
181 1973 301 2030 quondam
311 1972 422 2020 manibus
433 1971 532 2019 Sidonia
541 1969 606 2016 Dido

57 2042 158 2100 fecerat,
169 2043 194 2089 et
203 2042 272 2089 tenui
280 2041 342 2088 telas
352 2041 499 2088 increverat
509 2052 578 2086 auro.

58 2111 157 2158 Harum
166 2126 240 2158 unam
249 2110 331 2158 iuveni
340 2123 480 2165 supremum
490 2107 597 2154 maestus
606 2104 723 2151 honorem

57 2180 147 2237 induit,
158 2178 302 2233 arsurasque
312 2192 393 2225 comas
402 2175 504 2223 obnubit
514 2174 615 2228 amictu,

58 2249 183 2304 multaque
192 2249 319 2304 praeterea
328 2243 459 2292 Laurentis
469 2241 578 2299 praemia
586 2253 683 2297 pugnae

58 2319 169 2375 aggerat,
179 2318 205 2363 et
214 2315 287 2373 longo
297 2313 413 2370 praedam
422 2311 489 2358 iubet
499 2311 583 2359 ordine
592 2307 648 2355 duci
658 2327 664 2354 ι

23 2394 50 2434 so
59 2386 128 2434 addit
138 2400 210 2441 equos
220 2385 246 2431 et
254 2383 313 2440 tels,
323 2381 410 2438 quibus
420 2379 565 2436 spoliaverat
574 2376 677 2423 hostem.

60 2455 179 2504 Vinxerat
187 2454 212 2500 et
218 2454 273 2510 post
279 2453 350 2510 tergo
357 2464 452 2506 manus,
459 2463 518 2503 quos
525 2446 635 2494 mitteret
643 2442 735 2491 umbris

108 2522 178 2572 (377)
