1972 3164
411 171 432 210 P.
446 169 564 210 VERGILI
577 170 704 212 MARONIS

223 267 317 316 Cuncta
325 266 370 314 tibi
380 267 493 315 Cererem
503 269 577 324 pubes
587 271 689 328 agrestis
699 271 797 318 adoret:

221 336 260 383 oui
268 338 298 383 tu
307 335 371 383 lacte
380 335 449 383 favos
459 337 483 384 et
493 336 547 383 miti
557 336 621 384 dilue
630 338 734 396 Baccho,

221 406 306 460 terque
316 419 390 451 novas
400 405 491 452 circum
501 405 561 452 felix
571 407 611 452 eat
621 406 701 453 hostia
709 407 802 465 fruges,

220 473 297 520 omnis
307 489 379 529 quam
389 473 475 520 chorus
485 475 511 520 et
521 473 577 520 socii
588 474 734 521 comitentur
743 478 852 534 mantea,

220 543 245 588 et
255 542 366 589 Cererem
376 542 478 589 elamore
488 544 574 588 vocent
583 542 609 589 in
619 544 698 600 tecta;
712 548 856 600 nequeunte

219 610 306 658 falcem
316 610 419 656 maturis
429 611 553 666 quisquam
563 614 684 667 supponat
694 613 784 670 aristis,

220 693 292 734 quam
302 677 384 725 Cereri
393 679 459 724 torta
473 678 598 725 redimitus
608 681 717 735 tempora
727 696 817 736 quercu

171 763 208 804 3⁵0
220 746 262 793 det
271 747 350 792 motus
360 745 528 801 incompositos
538 749 562 794 et
571 748 679 794 carmina
688 749 761 797 dicat.

248 814 328 870 Atque
338 815 396 862 haec
406 817 435 861 ut
445 816 517 863 certis
527 831 649 872 possemus
659 816 750 864 discere
760 817 843 876 signis,

219 885 346 939 aestusque
356 883 496 939 pluviasque
506 886 531 932 et
540 887 640 943 agentes
651 885 743 942 frigora
752 889 846 944 ventos,

218 950 269 1008 ipae
279 951 354 998 Pater
364 953 460 1009 statuit,
471 954 529 1008 quid
538 955 664 1002 menstrua
673 954 732 1000 luna
742 957 859 1013 moneret,

219 1034 266 1076 quo
276 1019 344 1076 signo
354 1020 469 1067 caderent
478 1021 573 1079 Austri,
584 1022 641 1077 quid
651 1038 722 1077 saepe
731 1023 840 1070 videntes

218 1087 337 1144 agricolae
347 1087 445 1143 propius
455 1089 556 1136 stabulis
567 1091 678 1137 armenta
687 1091 808 1140 tenerent.

218 1157 339 1204 Continuo
349 1158 429 1204 ventis
439 1158 593 1215 surgentibus
604 1159 648 1205 aut
657 1158 722 1205 freta
732 1159 798 1214 pont'

217 1224 336 1280 incipiunt
346 1225 441 1281 agitata
449 1228 582 1275 tumescere
593 1229 617 1275 et
627 1227 708 1274 aridus
719 1227 776 1274 altis

217 1294 339 1341 montibus
349 1295 428 1341 audiri
437 1295 528 1354 fragor,
539 1297 582 1343 aut
592 1295 732 1343 resonantia
740 1294 811 1354 longe

217 1363 291 1410 litora
313 1363 408 1411 misceri
431 1366 456 1411 et
478 1380 604 1413 nemorum
628 1362 803 1411 increbrescere
826 1379 890 1411 mur·

274 1448 337 1480 mur.

170 1505 206 1554 360
218 1499 272 1546 Iam
282 1500 327 1546 sibi
335 1503 389 1546 tum
399 1502 479 1548 curvis
489 1503 551 1549 male
560 1503 682 1556 temperat
691 1503 758 1549 unda
767 1502 863 1557 carinis,

218 1582 273 1614 eum
282 1568 360 1615 medio
370 1569 457 1615 celeres
466 1570 577 1617 revolant
587 1585 617 1616 ex
627 1584 729 1624 aequore
738 1570 815 1625 mergi

217 1634 392 1689 clamoremque
402 1635 486 1682 ferunt
497 1636 528 1683 ad
537 1636 618 1692 litora,
630 1651 731 1691 cumque
741 1636 850 1682 marinae

216 1701 243 1749 iu
252 1702 315 1748 sicco
324 1700 412 1748 ludunt
421 1702 518 1759 fulicae,
528 1704 644 1758 notasque
655 1703 754 1758 paludes

217 1769 306 1818 deserit
316 1771 388 1826 atque
398 1770 475 1816 altam
485 1787 560 1826 supra
570 1772 636 1818 volat
646 1771 719 1818 ardea
728 1772 826 1819 nubem.

218 1840 293 1893 Saepe
303 1838 376 1886 etiam
386 1839 469 1886 stellas
479 1842 552 1887 vento
561 1840 716 1896 impendente
725 1841 817 1887 videbis
832 1850 833 1854 ’

216 1905 358 1963 praecipites
369 1906 435 1953 eaelo
444 1906 501 1964 labi,
512 1908 635 1963 noctisque
645 1924 689 1964 per
699 1909 811 1955 umbram

216 1974 367 2021 flammarum
377 1974 461 2030 longos
472 1991 487 2021 a
496 1977 565 2032 tergo
575 1976 694 2024 albescere
704 1979 813 2033 tractus3

217 2056 287 2097 saepe
296 2041 373 2088 levem
383 2042 478 2097 paleam
489 2046 513 2090 et
523 2044 620 2091 frondes
631 2045 732 2092 volitare
742 2046 853 2101 caducas,

217 2111 260 2157 aut
270 2125 364 2157 summa
373 2113 460 2157 nantes
470 2112 496 2163 in
506 2127 569 2167 aqua
578 2113 697 2160 colludere
707 2114 810 2169 plumas.

168 2195 205 2231 370
216 2178 251 2225 At
265 2178 358 2226 Boreae
368 2179 397 2225 de
407 2181 477 2234 parte
486 2180 563 2226 trucis
574 2196 628 2227 cum
639 2181 762 2237 fulminat,
774 2183 798 2228 et
809 2197 865 2228 cum

217 2248 323 2303 Eurique
334 2248 482 2304 Zephyrique
492 2249 562 2295 tonat
573 2250 665 2306 domus,
676 2249 757 2296 omnia
766 2250 843 2305 plenis

216 2332 275 2363 rura
284 2318 372 2362 natant
381 2316 460 2372 fossis,
472 2317 544 2372 amne
554 2317 631 2364 omnis
642 2318 726 2364 navita
735 2320 809 2374 ponto

216 2384 359 2431 umidavela
368 2385 435 2440 legit.
465 2385 804 2441 Numquamimprudcntibus
811 2386 889 2433 imber

216 2451 295 2567 obfuit
303 2454 367 2567 :)aut
376 2452 445 2499 illum
454 2455 595 2510 surgentem
606 2455 708 2503 vallibus
718 2456 772 2504 imis

281 2532 305 2567 50

79 2736 175 2872 *a
