1972 3164
358 155 380 193 Ρ,
393 153 513 195 VERGILI
525 154 655 196 namma

112 304 115 311 ¹
165 250 296 307 infectique
306 251 373 298 mihi.
403 251 460 298 Non
469 251 509 298 hic
518 250 620 298 victoria
630 251 753 299 Teucrum

166 319 281 376 vertitur,
291 323 336 367 aut
346 319 428 367 anima
436 335 485 366 una
495 319 563 366 dabit
572 319 713 367 discrimina
721 320 810 368 tanta.’

121 402 157 440 5³0
168 386 280 436 Dixerat.
310 388 405 436 Aeneas
415 388 502 436 contra
511 388 550 436 cui
559 387 621 434 talia
628 387 724 436 reddit:

168 455 174 477 ‘
184 455 290 514 Argenti
298 458 371 512 atque
381 456 437 503 auri
448 471 567 504 memoras
576 471 639 513 quae
648 457 730 504 multa
741 456 844 515 talenta,

168 524 232 570 natis
243 539 314 580 parce
324 524 381 571 tuis.
411 524 476 571 Belli
485 524 628 572 commercia
638 525 740 572 Turnus

168 593 267 639 sustulit
277 592 325 639 ista
334 593 400 648 prior
410 592 458 640 iam
468 594 521 640 tum
532 593 645 641 Pallante
654 595 790 650 perempto.

168 661 223 708 Hoc
232 660 309 717 patris
318 660 439 708 Anchisae
450 677 541 718 manes,
552 662 597 710 hoc
607 663 683 710 sentit
692 662 779 711 Iulus!

170 728 210 776 Sic
219 729 286 776 fatus
295 729 390 787 galeam
399 729 470 777 laeva
479 731 556 786 tenet,
566 731 640 785 atque
649 730 741 778 reflexa

169 796 261 844 cervice
270 797 352 844 oranti
360 797 447 853 capulo
456 799 528 845 tenus
538 798 646 854 applicat
656 813 748 847 ensem.

169 864 221 913 Nec
240 866 324 921 procul
343 866 514 924 Haemonides,
534 866 626 914 Phoebi
645 867 790 924 Triviaeque
810 883 846 915 sa-

225 934 317 991 cordos,

169 1001 248 1049 infula
257 1002 296 1050 cui
305 1018 374 1050 sacra
383 1002 512 1051 redimibat
521 1004 632 1059 tempora
641 1002 714 1062 vitta,

170 1072 237 1118 totus
247 1070 367 1119 collucens
376 1074 444 1119 veste
453 1074 526 1129 atque
535 1071 669 1129 insignibus
679 1073 755 1120 armis
766 1091 771 1119 =

123 1157 160 1194 540
170 1153 242 1194 quem
248 1155 389 1197 congressus
395 1141 447 1198 agit
453 1156 546 1199 campo,
552 1140 695 1197 lapsumque
702 1140 847 1196 superstans

169 1207 289 1265 immolat,
299 1208 440 1266 ingentique
449 1209 538 1257 umbra
546 1208 610 1266 tegit
619 1228 625 1265 ;
640 1224 711 1256 arma
721 1209 834 1256 Serestus

169 1275 234 1323 lecta
242 1276 319 1325 refert
328 1278 426 1335 umoris,
436 1277 491 1337 tibi,
501 1293 545 1326 rex
555 1277 670 1334 Gradive,
680 1278 818 1333 tropaeum.

170 1344 316 1392 Instaurant
325 1345 387 1393 acies
397 1345 503 1394 Vulcani
512 1346 587 1402 stirpe
597 1346 695 1393 creatus

170 1411 288 1460 Caeculus
297 1415 323 1461 et
332 1414 430 1462 veniens
440 1415 577 1462 Marsorum
588 1412 712 1461 montibus
722 1411 834 1460 Umbro:

170 1481 321 1529 Dardanides
331 1484 417 1530 contra
425 1482 496 1531 iurit.
526 1481 634 1530 Anxuris
643 1497 701 1529 ense
712 1481 839 1528 sinisiram

170 1551 195 1596 et
204 1550 284 1597 totum
294 1551 364 1606 clipei
373 1550 440 1598 ferro
449 1551 568 1599 deiecerat
577 1550 660 1598 orbem

170 1618 274 1675 (dixerat
283 1618 324 1666 ille
333 1618 423 1675 aliquid
433 1634 556 1676 mamm,
566 1619 663 1674 vimque
672 1616 750 1663 affore
760 1615 836 1664 verbo

171 1687 313 1744 crediderat,
324 1687 436 1744 caeloque
445 1686 553 1734 animum
562 1686 667 1733 fortasse
676 1683 782 1739 ferebat,

171 1754 329 1811 canitiemque
339 1756 384 1802 sibi
394 1758 419 1803 et
428 1754 512 1812 longos
521 1754 665 1811 promiserat
674 1752 761 1808 annos)
771 1772 777 1798 ι

123 1841 159 1879 ⁵⁵0
171 1821 302 1877 Tarquitus
312 1823 437 1870 exsultans
446 1825 532 1870 contra
541 1821 690 1879 fulgentibus
696 1820 785 1876 armis,

171 1889 290 1939 silvicolae
299 1889 385 1938 Fauno
395 1892 492 1948 Dryope
501 1906 572 1947 quem
581 1889 696 1946 Nympha
705 1889 811 1944 crearat,

170 1958 254 2007 obvius
264 1958 360 2005 ardenti
369 1974 420 2007 sese
429 1960 526 2007 obtulit.
557 1959 601 2006 Ille
611 1956 714 2004 reducta

170 2027 270 2075 loricam
279 2027 394 2084 clipeique
403 2028 488 2086 ingens
498 2042 559 2075 onus
568 2026 669 2082 impedit
678 2025 765 2080 hasta3

170 2098 225 2143 tum
235 2097 309 2152 caput
318 2095 410 2143 orantis
419 2096 563 2152 nequiquam
573 2097 598 2142 et
608 2093 687 2140 multa
696 2091 809 2148 parantis

170 2164 249 2212 dicere
259 2163 373 2212 deturbat
381 2167 469 2221 terrae,
479 2166 640 2219 truncumque
649 2161 774 2216 tepentem

171 2232 314 2289 provolvens
324 2233 463 2288 superhaec
473 2232 569 2279 inimico
579 2233 677 2286 pectore
686 2229 757 2276 iatur
768 2247 773 2274 ι

172 2300 246 2348 ‘Istic
255 2316 327 2357 nunc,
335 2301 470 2356 metuende,
477 2300 535 2346 iace.
565 2299 621 2345 Non
631 2300 656 2345 te
663 2297 757 2353 optima
766 2297 847 2342 mater

171 2370 257 2417 condet
266 2369 342 2426 humi,
352 2368 460 2424 patriove
470 2367 581 2415 onerabit
590 2367 699 2413 membra
709 2363 835 2420 sepulcro:

170 2436 268 2483 alitibus
278 2437 386 2492 linquere
395 2436 462 2494 feris,
472 2439 517 2482 aut
525 2435 622 2492 gurgite
631 2449 738 2482 mersum

219 2503 288 2554 (3⁶2)
