1972 3164
341 162 365 200 P.
377 160 497 200 VERGILI
511 161 645 203 HABONIS

207 260 232 304 oi
241 258 287 306 hoo
296 261 372 316 nagal
381 259 517 315 Tryphonis
526 259 618 307 aemuli
628 261 731 309 domum

207 341 297 385 negare
307 326 409 374 nobilem
419 326 554 375 insulamvo
565 329 676 386 Caeruli,

208 395 250 441 nbi
259 395 305 441 iaie
314 396 369 450 poet
379 395 481 442 Sabinus
491 397 549 443 anie
560 396 679 452 Quinctio

208 463 304 510 bidente
314 463 373 510 dicit
382 463 502 510 allodisse-
507 463 591 512 forfice

128 550 141 574 o
210 532 305 578 comata
315 530 384 586 eolla,
394 545 473 586 nequa
481 531 602 576 torridum
612 532 673 588 iugo

209 601 333 654 premente
343 598 404 644 dura
412 599 501 644 vulnus
511 599 594 646 ederet
602 599 672 648 iuba.

209 668 328 714 Cremona
337 666 427 724 frigida
436 668 461 713 el
470 667 551 713 lutosa
561 667 652 724 Gallia,

208 735 253 781 tibi
262 735 322 782 haee
331 735 405 781 fuisse
415 736 441 781 ei
453 750 504 782 esee
514 734 683 790 oognitiasima

208 803 243 850 aii
254 803 356 849 Sabinus
366 823 371 849 :
385 802 472 848 ultima
481 818 511 850 ex
520 803 612 859 origine

209 873 253 917 lua
262 871 357 918 aieliaae
367 870 425 918 dieii
435 872 460 917 in
470 871 593 928 voragine,

208 940 253 985 tua
261 938 287 984 in
297 938 384 994 palude
394 939 514 994 depoaisee
525 939 643 997 ear-cinae,

209 1009 234 1054 el
243 1007 298 1053 inde
308 1008 345 1054 lot
354 1022 398 1062 per
407 1007 514 1055 orbitosa
523 1007 589 1053 milia

209 1075 293 1134 iugum
303 1075 395 1132 iulisse,
406 1075 476 1122 laeva
483 1075 533 1122 eive
542 1075 645 1122 dextera

210 1145 313 1200 strigare
323 1144 390 1190 mula
398 1143 448 1190 aive
457 1145 587 1199 utrumque
597 1146 714 1198 coeperat

209 1295 285 1336 neque
294 1281 345 1327 ulla
354 1283 411 1328 vola
421 1280 569 1328 semilalibua
579 1280 630 1327 deis

210 1348 255 1395 eibi
264 1364 315 1395 eoae
325 1348 400 1406 fania,
411 1349 562 1404 praeterhac
572 1349 743 1407 novissimum,

210 1418 312 1472 paterna
320 1416 373 1463 lora
382 1417 563 1473 proximumque
573 1417 704 1472 peoiinem.

210 1485 252 1532 aed
261 1484 320 1531 haeo
330 1484 397 1539 priua
406 1484 475 1531 fuere
484 1505 490 1531 z
505 1499 570 1532 nuno
582 1485 690 1532 eburnea

210 1552 322 1607 sedetque
332 1553 387 1599 aede
396 1567 467 1607 aeque
478 1552 573 1600 (ledioat
582 1553 637 1608 libi,

210 1620 310 1676 gemelle
321 1619 443 1667 Castorei
452 1621 552 1676 gemelle
563 1620 679 1667 Caelorie.

420 1738 457 1784 XI
475 1738 561 1795 (XIV).

155 1820 214 1876 Quia
224 1820 291 1876 deus,
303 1819 396 1876 Octavi,
407 1821 432 1865 te
442 1819 509 1866 nobis
519 1819 636 1866 abstulit?
650 1834 682 1866 an
692 1836 755 1876 quae

183 1888 275 1945 dieunt,
286 1905 309 1947 a,
320 1889 393 1935 nimio
403 1888 489 1943 poeula
499 1887 573 1934 duola
582 1889 666 1934 mero?

155 1955 302 2014 ‘vobiscum
320 1957 341 2004 si
360 1958 397 2002 est
416 1956 495 2011 culpa,
512 1954 567 2002 bibi.
597 1970 642 2001 sua
661 1971 782 2012 quemque
801 1973 834 2004 ae·

209 2029 319 2080 quantur

183 2092 237 2140 fata
247 2115 252 2140 :
267 2094 324 2150 quid
332 2092 440 2139 inmeriti
450 2091 541 2138 crimen
550 2091 641 2138 habent
651 2092 766 2146 cyathi?’

155 2162 247 2217 scripta
255 2162 351 2217 quidem
361 2163 405 2205 tua
414 2175 457 2205 noe
467 2159 571 2204 mullum
582 2158 726 2205 mirabimur
737 2163 762 2207 ei
772 2163 799 2208 ie

183 2234 282 2286 raptum
292 2232 317 2276 et
327 2231 462 2274 Romanam
472 2227 580 2274 flebimus
590 2227 726 2285 historiam,

155 2299 197 2345 sed
208 2301 236 2345 lu
246 2299 326 2345 nullus
337 2298 391 2344 erie.
422 2295 528 2352 perversi
537 2295 608 2341 dicite
618 2310 711 2350 manes,

183 2367 248 2414 hunc
258 2381 380 2423 superesse
390 2364 455 2420 palri
465 2379 525 2419 quae
535 2361 582 2409 fuir
592 2362 698 2409 invidia?

204 2521 275 2569 (442)
