1972 3164
331 179 441 220 AENEIS.
466 180 477 218 Ι

63 273 160 330 experti
170 294 176 322 z
189 275 301 323 revooete
310 275 411 335 animos,
422 277 588 334 moestumque
596 278 709 330 timorem

64 343 158 392 mittite
169 363 175 401 3
188 344 272 393 forsan
281 345 375 394 ethaeo
385 346 442 394 olim
453 347 589 396 meminisse
598 348 698 399 iuvabit.

64 412 115 460 Per
124 412 204 461 varios
213 429 291 472 ossus,
302 431 347 471 per
355 417 394 462 tot
403 415 543 463 discrimine
552 432 635 464 rerum

63 482 187 530 tendimus
197 483 223 530 in
232 484 339 541 Initium,
350 484 418 532 sedes
428 484 470 531 ubi
480 485 534 532 fote
543 486 638 541 quietes

62 552 197 599 ostendunt
205 571 212 609 ς
226 552 275 601 illio
284 552 322 599 ins
332 568 409 609 regne
417 568 543 609 resurgere
553 554 649 602 Troiae.

64 618 170 678 Dur-ste,
180 622 206 667 et
214 623 307 669 vosmet
316 621 388 668 rebus
398 624 494 668 servate
504 623 632 670 secundis!

94 689 166 736 'I'elis
174 704 232 737 vooe
241 689 326 746 refert,
337 689 447 745 curisque
456 689 595 747 ingentibus
605 706 678 749 aeger

64 770 134 814 spem
143 757 215 804 vultu
224 757 332 813 simulet,
342 758 432 814 premit
441 758 519 805 eltum
530 761 601 808 eorde
611 761 725 809 dolorem.

15 841 54 868 210
65 826 107 874 Illi
117 841 142 874 se
152 827 255 883 praedae
265 826 395 883 accingunt
404 827 553 883 dapibusque
562 828 653 876 futuris
664 849 670 876 ε

64 896 166 952 temore
174 895 293 951 diripiunt
302 895 374 942 oostis
384 897 409 942 et
419 895 512 943 viscere
521 897 624 954 nudent,

64 979 123 1021 pers
132 963 158 1011 in
168 964 249 1011 truste
258 965 341 1010 seoent
356 964 499 1019 veribusque
512 965 642 1012 trementia
651 966 739 1023 figunt,

63 1033 136 1081 litore
146 1035 208 1079 sene
217 1032 299 1079 looent
308 1032 350 1078 ulii
359 1033 514 1088 flammasque
524 1033 673 1081 ministrent.

64 1102 130 1150 'l'mn
140 1101 207 1148 victu
215 1102 331 1148 revoesnt
340 1101 411 1156 vires,
422 1100 517 1156 fusique
527 1117 570 1156 per
579 1102 679 1149 herbam

63 1169 198 1225 implentur
207 1168 295 1215 veteris
304 1168 396 1215 Beoehi
405 1168 547 1224 pinguisque
556 1169 657 1216 ferinae.

66 1238 199 1294 Postquam
218 1238 331 1293 exempta
349 1237 427 1283 temes
445 1236 522 1292 epulis
543 1252 685 1292 mensesque
704 1253 740 1285 re-

121 1306 209 1362 motae,

65 1375 166 1422 emissos
176 1374 248 1432 longo
257 1374 332 1422 socios
342 1387 452 1420 sermone
462 1371 598 1428 requirunt,

66 1458 181 1500 spemque
198 1445 336 1499 metumque
353 1442 419 1488 inter
438 1440 513 1497 dubii,
533 1455 576 1487 seu
594 1439 675 1488 vivere
691 1456 741 1489 ore·

65 1583 117 1632 sive
126 1583 235 1631 extreme
243 1579 296 1636 peti
305 1594 350 1627 neo
358 1578 408 1626 iem
418 1577 530 1626 exaudire
539 1578 646 1625 vooetos.

17 1669 55 1696 rso
66 1651 199 1707 Praecipue
209 1649 262 1706 pius
271 1648 365 1696 Aeneas
375 1663 441 1694 nuno
449 1647 512 1694 soris
522 1645 618 1702 Oronti,

64 1737 132 1771 nuno
142 1718 227 1775 Amyci
236 1733 319 1766 ossum
328 1717 403 1774 gemit
412 1719 437 1763 et
447 1715 553 1763 crudelia
562 1729 643 1763 seeum

65 1791 122 1840 fata
131 1788 191 1844 Lyci
199 1787 334 1842 fortemque
345 1786 415 1841 Gyan
424 1785 560 1840 fortemque
570 1784 724 1832 Cloanthum.

94 1858 130 1906 nl
142 1857 191 1904 ism
197 1855 253 1902 finis
260 1855 322 1912 eret,
330 1869 385 1901 eum
393 1853 505 1908 Iuppiter
510 1853 607 1900 aethere
618 1867 711 1899 summo

64 1925 200 1983 despiciens
209 1939 277 1971 mere
285 1921 415 1970 velivolum
424 1923 549 1977 terresque
558 1921 664 1967 isoentes

64 1995 187 2050 litorsqne
196 1993 221 2040 et
230 1992 293 2039 latos
303 1990 411 2047 populos,
421 1989 456 2036 sio
464 1989 555 2036 vertice
567 1987 627 2036 eseli
727 2008 730 2013 ·

63 2063 177 2112 constitit
185 2063 211 2109 et
221 2061 311 2117 Libyae
320 2059 404 2105 defixit
413 2058 506 2104 lumine
514 2057 604 2113 regnis.

64 2133 148 2187 Atque
157 2129 227 2176 illum
236 2129 299 2175 tales
309 2128 440 2174 iactantem
450 2127 545 2181 pectore
556 2139 627 2171 eures

64 2199 161 2246 tristior
170 2199 196 2244 et
204 2196 311 2245 leorimis
321 2193 402 2242 oeulos
411 2195 505 2240 suffusa
513 2193 619 2239 nitentes

65 2267 199 2324 alloquitur
212 2266 309 2313 Venus=
326 2263 413 2319 ‘Oqui
426 2277 465 2309 res
478 2260 648 2313 hominumque
657 2257 739 2304 deum-

124 2349 170 2391 que

16 2428 55 2466 230
66 2402 175 2453 oeternis
183 2403 249 2461 regis
258 2401 364 2457 imperiis
373 2403 400 2447 et
408 2399 510 2447 fulmine
519 2400 605 2454 terres,

65 2472 125 2530 quid
135 2485 202 2518 mens
210 2471 304 2518 Aeneas
313 2469 339 2516 in
349 2471 374 2516 te
384 2467 533 2516 oommittere
542 2466 648 2521 tentum,

115 2540 124 2589 (
134 2539 186 2588 ¹¹9)
