<?xml version="1.0" encoding="UTF-8"?>
<!DOCTYPE html PUBLIC "-//W3C//DTD XHTML 1.0 Transitional//EN"
    "http://www.w3.org/TR/xhtml1/DTD/xhtml1-transitional.dtd">
<html xmlns="http://www.w3.org/1999/xhtml" xml:lang="en" lang="en">
 <head>
  <title>
</title>
<meta http-equiv="Content-Type" content="text/html;charset=utf-8" />
  <meta name='ocr-system' content='tesseract 3.04.00' />
  <meta name='ocr-capabilities' content='ocr_page ocr_carea ocr_par ocr_line ocrx_word'/>
</head>
<body>
  <div class='ocr_page' id='page_1' title='image "./pvergilimaronis07virggoog/pvergilimaronis07virggoog_0275.png"; bbox 0 0 1972 3164; ppageno 0'>
   <div class='ocr_carea' id='block_1_1' title="bbox 517 175 684 216">
    <p class='ocr_par' dir='ltr' id='par_1_1' title="bbox 517 175 684 216">
     <span class='ocr_line' id='line_1_1' title="bbox 517 175 684 216; baseline 0.006 -2"><span class='ocrx_word' id='word_1_1' title='bbox 517 175 627 216; x_wconf 83' lang='lat' dir='ltr'>AENEIS.</span> <span class='ocrx_word' id='word_1_2' title='bbox 653 176 684 215; x_wconf 88' lang='lat' dir='ltr'>VI</span> 
     </span>
    </p>
   </div>
   <div class='ocr_carea' id='block_1_2' title="bbox 215 269 943 2241">
    <p class='ocr_par' dir='ltr' id='par_1_2' title="bbox 261 269 905 670">
     <span class='ocr_line' id='line_1_2' title="bbox 262 269 899 327; baseline 0.014 -11"><span class='ocrx_word' id='word_1_3' title='bbox 262 269 358 326; x_wconf 80' lang='lat' dir='ltr'>funera,</span> <span class='ocrx_word' id='word_1_4' title='bbox 369 285 424 317; x_wconf 90' lang='lat' dir='ltr'>cum</span> <span class='ocrx_word' id='word_1_5' title='bbox 433 269 556 318; x_wconf 89' lang='lat' dir='ltr'>tumulum</span> <span class='ocrx_word' id='word_1_6' title='bbox 566 271 743 327; x_wconf 69' lang='lat' dir='ltr'>praeterlabere</span> <span class='ocrx_word' id='word_1_7' title='bbox 752 276 879 322; x_wconf 76' lang='lat' dir='ltr'>recentem</span> <span class='ocrx_word' id='word_1_8' title='bbox 892 279 899 325; x_wconf 86' lang='lat' dir='ltr'>l</span> 
     </span>
     <span class='ocr_line' id='line_1_3' title="bbox 262 338 835 397; baseline 0.007 -11"><span class='ocrx_word' id='word_1_9' title='bbox 262 338 314 386; x_wconf 88' lang='lat' dir='ltr'>Nec</span> <span class='ocrx_word' id='word_1_10' title='bbox 324 353 385 395; x_wconf 88' lang='lat' dir='ltr'>puer</span> <span class='ocrx_word' id='word_1_11' title='bbox 394 338 470 386; x_wconf 87' lang='lat' dir='ltr'>Iliaca</span> <span class='ocrx_word' id='word_1_12' title='bbox 478 339 603 395; x_wconf 86' lang='lat' dir='ltr'>quisquam</span> <span class='ocrx_word' id='word_1_13' title='bbox 613 342 724 397; x_wconf 75' lang='lat' dir='ltr'>degente</span> <span class='ocrx_word' id='word_1_14' title='bbox 733 341 835 390; x_wconf 87' lang='lat' dir='ltr'>Latinos</span> 
     </span>
     <span class='ocr_line' id='line_1_4' title="bbox 261 406 905 466; baseline 0.011 -13"><span class='ocrx_word' id='word_1_15' title='bbox 261 406 288 453; x_wconf 92' lang='lat' dir='ltr'>in</span> <span class='ocrx_word' id='word_1_16' title='bbox 297 409 395 454; x_wconf 88' lang='lat' dir='ltr'>tantum</span> <span class='ocrx_word' id='word_1_17' title='bbox 405 422 447 464; x_wconf 91' lang='lat' dir='ltr'>spe</span> <span class='ocrx_word' id='word_1_18' title='bbox 456 407 526 455; x_wconf 90' lang='lat' dir='ltr'>tollet</span> <span class='ocrx_word' id='word_1_19' title='bbox 536 422 601 466; x_wconf 81' lang='lat' dir='ltr'>avos,</span> <span class='ocrx_word' id='word_1_20' title='bbox 611 425 656 456; x_wconf 92' lang='lat' dir='ltr'>nec</span> <span class='ocrx_word' id='word_1_21' title='bbox 665 409 771 457; x_wconf 82' lang='lat' dir='ltr'>Romula</span> <span class='ocrx_word' id='word_1_22' title='bbox 780 413 905 466; x_wconf 87' lang='lat' dir='ltr'>quondam</span> 
     </span>
     <span class='ocr_line' id='line_1_5' title="bbox 263 475 764 526; baseline 0.006 -4"><span class='ocrx_word' id='word_1_23' title='bbox 263 475 313 522; x_wconf 91' lang='lat' dir='ltr'>ullo</span> <span class='ocrx_word' id='word_1_24' title='bbox 321 491 346 522; x_wconf 93' lang='lat' dir='ltr'>se</span> <span class='ocrx_word' id='word_1_25' title='bbox 355 477 454 523; x_wconf 87' lang='lat' dir='ltr'>tantum</span> <span class='ocrx_word' id='word_1_26' title='bbox 463 476 536 523; x_wconf 85' lang='lat' dir='ltr'>tellus</span> <span class='ocrx_word' id='word_1_27' title='bbox 545 476 647 524; x_wconf 86' lang='lat' dir='ltr'>iactabit</span> <span class='ocrx_word' id='word_1_28' title='bbox 656 477 764 526; x_wconf 89' lang='lat' dir='ltr'>alumno.</span> 
     </span>
     <span class='ocr_line' id='line_1_6' title="bbox 264 545 853 602; baseline 0.008 -12"><span class='ocrx_word' id='word_1_29' title='bbox 264 545 320 591; x_wconf 89' lang='lat' dir='ltr'>Heu</span> <span class='ocrx_word' id='word_1_30' title='bbox 329 545 415 601; x_wconf 84' lang='lat' dir='ltr'>pietas,</span> <span class='ocrx_word' id='word_1_31' title='bbox 426 545 474 591; x_wconf 87' lang='lat' dir='ltr'>heu</span> <span class='ocrx_word' id='word_1_32' title='bbox 484 545 564 600; x_wconf 86' lang='lat' dir='ltr'>prisca</span> <span class='ocrx_word' id='word_1_33' title='bbox 573 545 632 593; x_wconf 80' lang='lat' dir='ltr'>fides</span> <span class='ocrx_word' id='word_1_34' title='bbox 642 546 779 602; x_wconf 81' lang='lat' dir='ltr'>invictaque</span> <span class='ocrx_word' id='word_1_35' title='bbox 788 547 853 596; x_wconf 92' lang='lat' dir='ltr'>bello</span> 
     </span>
     <span class='ocr_line' id='line_1_7' title="bbox 264 612 892 670; baseline 0.006 -11"><span class='ocrx_word' id='word_1_36' title='bbox 264 613 377 660; x_wconf 86' lang='lat' dir='ltr'>dextera!</span> <span class='ocrx_word' id='word_1_37' title='bbox 401 613 458 660; x_wconf 89' lang='lat' dir='ltr'>Non</span> <span class='ocrx_word' id='word_1_38' title='bbox 467 612 503 659; x_wconf 89' lang='lat' dir='ltr'>illi</span> <span class='ocrx_word' id='word_1_39' title='bbox 512 628 538 660; x_wconf 88' lang='lat' dir='ltr'>se</span> <span class='ocrx_word' id='word_1_40' title='bbox 548 613 673 669; x_wconf 87' lang='lat' dir='ltr'>quisquam</span> <span class='ocrx_word' id='word_1_41' title='bbox 682 614 782 670; x_wconf 89' lang='lat' dir='ltr'>impune</span> <span class='ocrx_word' id='word_1_42' title='bbox 791 615 892 663; x_wconf 85' lang='lat' dir='ltr'>tulisset</span> 
     </span>
    </p>

    <p class='ocr_par' dir='ltr' id='par_1_3' title="bbox 215 680 942 1356">
     <span class='ocr_line' id='line_1_8' title="bbox 215 680 933 739; baseline 0.007 -13"><span class='ocrx_word' id='word_1_43' title='bbox 215 687 252 724; x_wconf 85' lang='lat'>880</span> <span class='ocrx_word' id='word_1_44' title='bbox 263 680 347 728; x_wconf 81' lang='lat' dir='ltr'>obrius</span> <span class='ocrx_word' id='word_1_45' title='bbox 357 683 460 739; x_wconf 87' lang='lat' dir='ltr'>armato,</span> <span class='ocrx_word' id='word_1_46' title='bbox 471 696 514 728; x_wconf 86' lang='lat' dir='ltr'>seu</span> <span class='ocrx_word' id='word_1_47' title='bbox 523 697 578 729; x_wconf 90' lang='lat' dir='ltr'>cum</span> <span class='ocrx_word' id='word_1_48' title='bbox 588 683 660 737; x_wconf 86' lang='lat' dir='ltr'>pedes</span> <span class='ocrx_word' id='word_1_49' title='bbox 669 683 717 729; x_wconf 88' lang='lat' dir='ltr'>iret</span> <span class='ocrx_word' id='word_1_50' title='bbox 726 683 751 729; x_wconf 87' lang='lat' dir='ltr'>in</span> <span class='ocrx_word' id='word_1_51' title='bbox 761 683 856 731; x_wconf 82' lang='lat' dir='ltr'>hostem</span> <span class='ocrx_word' id='word_1_52' title='bbox 930 708 933 713; x_wconf 51' lang='lat'><strong>⁴</strong></span> 
     </span>
     <span class='ocr_line' id='line_1_9' title="bbox 264 750 859 806; baseline 0.007 -10"><span class='ocrx_word' id='word_1_53' title='bbox 264 765 306 797; x_wconf 88' lang='lat' dir='ltr'>seu</span> <span class='ocrx_word' id='word_1_54' title='bbox 316 750 450 805; x_wconf 84' lang='lat' dir='ltr'>spumantis</span> <span class='ocrx_word' id='word_1_55' title='bbox 461 750 515 806; x_wconf 90' lang='lat' dir='ltr'>equi</span> <span class='ocrx_word' id='word_1_56' title='bbox 524 750 618 798; x_wconf 79' lang='lat' dir='ltr'>foderet</span> <span class='ocrx_word' id='word_1_57' title='bbox 628 751 760 799; x_wconf 85' lang='lat' dir='ltr'>calcaribus</span> <span class='ocrx_word' id='word_1_58' title='bbox 770 768 859 800; x_wconf 88' lang='lat' dir='ltr'>armos.</span> 
     </span>
     <span class='ocr_line' id='line_1_10' title="bbox 264 818 913 879; baseline 0.006 -15"><span class='ocrx_word' id='word_1_59' title='bbox 264 819 321 865; x_wconf 87' lang='lat' dir='ltr'>Heu</span> <span class='ocrx_word' id='word_1_60' title='bbox 330 818 465 865; x_wconf 80' lang='lat' dir='ltr'>miserande</span> <span class='ocrx_word' id='word_1_61' title='bbox 474 833 543 875; x_wconf 90' lang='lat' dir='ltr'>puer,</span> <span class='ocrx_word' id='word_1_62' title='bbox 554 818 574 865; x_wconf 92' lang='lat' dir='ltr'>si</span> <span class='ocrx_word' id='word_1_63' title='bbox 584 834 632 874; x_wconf 87' lang='lat' dir='ltr'>qua</span> <span class='ocrx_word' id='word_1_64' title='bbox 644 819 698 867; x_wconf 78' lang='lat' dir='ltr'>fata</span> <span class='ocrx_word' id='word_1_65' title='bbox 707 835 794 875; x_wconf 87' lang='lat' dir='ltr'>aspera</span> <span class='ocrx_word' id='word_1_66' title='bbox 802 837 913 879; x_wconf 81' lang='lat' dir='ltr'>1umpas,</span> 
     </span>
     <span class='ocr_line' id='line_1_11' title="bbox 264 885 878 946; baseline 0.007 -14"><span class='ocrx_word' id='word_1_67' title='bbox 264 888 293 932; x_wconf 92' lang='lat' dir='ltr'>tu</span> <span class='ocrx_word' id='word_1_68' title='bbox 302 885 434 934; x_wconf 82' lang='lat' dir='ltr'>Marcellus</span> <span class='ocrx_word' id='word_1_69' title='bbox 444 886 499 933; x_wconf 83' lang='lat' dir='ltr'>eris.</span> <span class='ocrx_word' id='word_1_70' title='bbox 529 887 644 934; x_wconf 77' lang='lat' dir='ltr'>Manibus</span> <span class='ocrx_word' id='word_1_71' title='bbox 654 887 710 935; x_wconf 85' lang='lat' dir='ltr'>date</span> <span class='ocrx_word' id='word_1_72' title='bbox 720 887 772 934; x_wconf 86' lang='lat' dir='ltr'>lilia</span> <span class='ocrx_word' id='word_1_73' title='bbox 780 889 858 944; x_wconf 90' lang='lat' dir='ltr'>plenis</span> <span class='ocrx_word' id='word_1_74' title='bbox 871 907 878 946; x_wconf 73' lang='grc' dir='ltr'><strong>ς</strong></span> 
     </span>
     <span class='ocr_line' id='line_1_12' title="bbox 263 955 879 1012; baseline 0.006 -12"><span class='ocrx_word' id='word_1_75' title='bbox 263 970 396 1010; x_wconf 84' lang='lat' dir='ltr'>purpureos</span> <span class='ocrx_word' id='word_1_76' title='bbox 406 970 520 1011; x_wconf 74' lang='lat' dir='ltr'>spargam</span> <span class='ocrx_word' id='word_1_77' title='bbox 529 956 607 1012; x_wconf 88' lang='lat' dir='ltr'>flores,</span> <span class='ocrx_word' id='word_1_78' title='bbox 619 955 772 1011; x_wconf 87' lang='lat' dir='ltr'>animamque</span> <span class='ocrx_word' id='word_1_79' title='bbox 782 957 879 1012; x_wconf 77' lang='lat' dir='ltr'>nepotis</span> 
     </span>
     <span class='ocr_line' id='line_1_13' title="bbox 263 1022 856 1082; baseline 0.008 -14"><span class='ocrx_word' id='word_1_80' title='bbox 263 1022 300 1069; x_wconf 88' lang='lat' dir='ltr'>his</span> <span class='ocrx_word' id='word_1_81' title='bbox 311 1023 397 1069; x_wconf 84' lang='lat' dir='ltr'>saltem</span> <span class='ocrx_word' id='word_1_82' title='bbox 407 1023 556 1071; x_wconf 78' lang='lat' dir='ltr'>accumulem</span> <span class='ocrx_word' id='word_1_83' title='bbox 566 1024 642 1081; x_wconf 87' lang='lat' dir='ltr'>donis,</span> <span class='ocrx_word' id='word_1_84' title='bbox 653 1026 678 1071; x_wconf 91' lang='lat' dir='ltr'>et</span> <span class='ocrx_word' id='word_1_85' title='bbox 687 1024 779 1082; x_wconf 77' lang='lat' dir='ltr'>fungar</span> <span class='ocrx_word' id='word_1_86' title='bbox 787 1025 856 1073; x_wconf 90' lang='lat' dir='ltr'>inani</span> 
     </span>
     <span class='ocr_line' id='line_1_14' title="bbox 263 1090 850 1151; baseline 0.009 -15"><span class='ocrx_word' id='word_1_87' title='bbox 263 1090 378 1138; x_wconf 68' lang='lat' dir='ltr'>munere!</span> <span class='ocrx_word' id='word_1_88' title='bbox 409 1091 449 1139; x_wconf 82' lang='lat' dir='ltr'>Sic</span> <span class='ocrx_word' id='word_1_89' title='bbox 458 1092 512 1139; x_wconf 88' lang='lat' dir='ltr'>tota</span> <span class='ocrx_word' id='word_1_90' title='bbox 520 1093 610 1148; x_wconf 89' lang='lat' dir='ltr'>passim</span> <span class='ocrx_word' id='word_1_91' title='bbox 619 1093 716 1151; x_wconf 81' lang='lat' dir='ltr'>regione</span> <span class='ocrx_word' id='word_1_92' title='bbox 725 1096 850 1150; x_wconf 74' lang='lat' dir='ltr'>vagantur</span> 
     </span>
     <span class='ocr_line' id='line_1_15' title="bbox 263 1159 825 1216; baseline 0.007 -11"><span class='ocrx_word' id='word_1_93' title='bbox 263 1159 325 1206; x_wconf 73' lang='lat' dir='ltr'>airis</span> <span class='ocrx_word' id='word_1_94' title='bbox 335 1159 361 1206; x_wconf 91' lang='lat' dir='ltr'>in</span> <span class='ocrx_word' id='word_1_95' title='bbox 371 1159 461 1216; x_wconf 88' lang='lat' dir='ltr'>campis</span> <span class='ocrx_word' id='word_1_96' title='bbox 471 1160 528 1207; x_wconf 87' lang='lat' dir='ltr'>latis</span> <span class='ocrx_word' id='word_1_97' title='bbox 537 1161 610 1216; x_wconf 70' lang='lat' dir='ltr'>utque</span> <span class='ocrx_word' id='word_1_98' title='bbox 619 1161 700 1208; x_wconf 90' lang='lat' dir='ltr'>omnia</span> <span class='ocrx_word' id='word_1_99' title='bbox 708 1161 825 1210; x_wconf 79' lang='lat' dir='ltr'>lustrant.</span> 
     </span>
     <span class='ocr_line' id='line_1_16' title="bbox 264 1227 942 1290; baseline 0.006 -16"><span class='ocrx_word' id='word_1_100' title='bbox 264 1229 331 1285; x_wconf 79' lang='lat' dir='ltr'>Quae</span> <span class='ocrx_word' id='word_1_101' title='bbox 341 1229 468 1284; x_wconf 86' lang='lat' dir='ltr'>postquam</span> <span class='ocrx_word' id='word_1_102' title='bbox 477 1228 595 1276; x_wconf 83' lang='lat' dir='ltr'>Anchises</span> <span class='ocrx_word' id='word_1_103' title='bbox 604 1233 690 1276; x_wconf 91' lang='lat' dir='ltr'>natum</span> <span class='ocrx_word' id='word_1_104' title='bbox 701 1245 744 1286; x_wconf 87' lang='lat' dir='ltr'>per</span> <span class='ocrx_word' id='word_1_105' title='bbox 754 1230 851 1288; x_wconf 73' lang='lat' dir='ltr'>singula</span> <span class='ocrx_word' id='word_1_106' title='bbox 860 1227 942 1290; x_wconf 87' lang='lat' dir='ltr'>duxit,</span> 
     </span>
     <span class='ocr_line' id='line_1_17' title="bbox 263 1296 852 1356; baseline 0.005 -13"><span class='ocrx_word' id='word_1_107' title='bbox 263 1296 416 1351; x_wconf 87' lang='lat' dir='ltr'>incenditque</span> <span class='ocrx_word' id='word_1_108' title='bbox 427 1296 534 1343; x_wconf 85' lang='lat' dir='ltr'>animum</span> <span class='ocrx_word' id='word_1_109' title='bbox 544 1296 624 1344; x_wconf 80' lang='lat' dir='ltr'>famae</span> <span class='ocrx_word' id='word_1_110' title='bbox 633 1297 751 1345; x_wconf 86' lang='lat' dir='ltr'>venientis</span> <span class='ocrx_word' id='word_1_111' title='bbox 761 1313 852 1356; x_wconf 87' lang='lat' dir='ltr'>amore,</span> 
     </span>
    </p>

    <p class='ocr_par' dir='ltr' id='par_1_4' title="bbox 215 1363 942 1559">
     <span class='ocr_line' id='line_1_18' title="bbox 215 1363 871 1424; baseline 0 -10"><span class='ocrx_word' id='word_1_112' title='bbox 215 1376 253 1423; x_wconf 81' lang='lat'>890</span> <span class='ocrx_word' id='word_1_113' title='bbox 264 1364 320 1412; x_wconf 90' lang='lat' dir='ltr'>exin</span> <span class='ocrx_word' id='word_1_114' title='bbox 329 1363 393 1411; x_wconf 85' lang='lat' dir='ltr'>bella</span> <span class='ocrx_word' id='word_1_115' title='bbox 401 1364 454 1412; x_wconf 76' lang='lat' dir='ltr'>viro</span> <span class='ocrx_word' id='word_1_116' title='bbox 464 1366 581 1411; x_wconf 83' lang='lat' dir='ltr'>memoret</span> <span class='ocrx_word' id='word_1_117' title='bbox 591 1381 652 1421; x_wconf 84' lang='lat' dir='ltr'>quae</span> <span class='ocrx_word' id='word_1_118' title='bbox 661 1365 746 1413; x_wconf 90' lang='lat' dir='ltr'>deinde</span> <span class='ocrx_word' id='word_1_119' title='bbox 755 1367 871 1424; x_wconf 79' lang='lat' dir='ltr'>gerenda,</span> 
     </span>
     <span class='ocr_line' id='line_1_19' title="bbox 264 1432 875 1493; baseline 0.003 -13"><span class='ocrx_word' id='word_1_120' title='bbox 264 1433 444 1487; x_wconf 80' lang='lat' dir='ltr'>Laurenterque</span> <span class='ocrx_word' id='word_1_121' title='bbox 454 1432 522 1480; x_wconf 85' lang='lat' dir='ltr'>docet</span> <span class='ocrx_word' id='word_1_122' title='bbox 532 1433 632 1488; x_wconf 91' lang='lat' dir='ltr'>populos</span> <span class='ocrx_word' id='word_1_123' title='bbox 641 1433 771 1490; x_wconf 85' lang='lat' dir='ltr'>urbemque</span> <span class='ocrx_word' id='word_1_124' title='bbox 782 1434 875 1493; x_wconf 77' lang='lat' dir='ltr'>latini,</span> 
     </span>
     <span class='ocr_line' id='line_1_20' title="bbox 264 1501 942 1559; baseline 0.004 -11"><span class='ocrx_word' id='word_1_125' title='bbox 264 1503 289 1548; x_wconf 94' lang='lat' dir='ltr'>et</span> <span class='ocrx_word' id='word_1_126' title='bbox 299 1516 345 1557; x_wconf 91' lang='lat' dir='ltr'>quo</span> <span class='ocrx_word' id='word_1_127' title='bbox 355 1516 471 1557; x_wconf 89' lang='lat' dir='ltr'>quemque</span> <span class='ocrx_word' id='word_1_128' title='bbox 481 1502 552 1549; x_wconf 86' lang='lat' dir='ltr'>modo</span> <span class='ocrx_word' id='word_1_129' title='bbox 562 1501 687 1559; x_wconf 78' lang='lat' dir='ltr'>fugiatque</span> <span class='ocrx_word' id='word_1_130' title='bbox 697 1502 809 1558; x_wconf 84' lang='lat' dir='ltr'>feratque</span> <span class='ocrx_word' id='word_1_131' title='bbox 823 1503 942 1552; x_wconf 82' lang='lat' dir='ltr'>laborem.</span> 
     </span>
    </p>

    <p class='ocr_par' dir='ltr' id='par_1_5' title="bbox 293 1569 943 1684">
     <span class='ocr_line' id='line_1_21' title="bbox 293 1569 943 1627; baseline 0.008 -12"><span class='ocrx_word' id='word_1_132' title='bbox 293 1570 356 1616; x_wconf 86' lang='lat' dir='ltr'>Sunt</span> <span class='ocrx_word' id='word_1_133' title='bbox 378 1569 487 1626; x_wconf 82' lang='lat' dir='ltr'>geminae</span> <span class='ocrx_word' id='word_1_134' title='bbox 507 1569 589 1617; x_wconf 81' lang='lat' dir='ltr'>Somni</span> <span class='ocrx_word' id='word_1_135' title='bbox 611 1572 695 1626; x_wconf 85' lang='lat' dir='ltr'>portae</span> <span class='ocrx_word' id='word_1_136' title='bbox 703 1589 709 1627; x_wconf 91' lang='lat'>;</span> <span class='ocrx_word' id='word_1_137' title='bbox 735 1585 838 1626; x_wconf 87' lang='lat' dir='ltr'>quarum</span> <span class='ocrx_word' id='word_1_138' title='bbox 863 1571 943 1620; x_wconf 80' lang='lat' dir='ltr'>alteru</span> 
     </span>
     <span class='ocr_line' id='line_1_22' title="bbox 320 1637 400 1684; baseline 0 0"><span class='ocrx_word' id='word_1_139' title='bbox 320 1637 400 1684; x_wconf 79' lang='lat' dir='ltr'>fertur</span> 
     </span>
    </p>

    <p class='ocr_par' dir='ltr' id='par_1_6' title="bbox 264 1706 874 2103">
     <span class='ocr_line' id='line_1_23' title="bbox 264 1706 860 1765; baseline 0.003 -13"><span class='ocrx_word' id='word_1_140' title='bbox 264 1720 358 1759; x_wconf 85' lang='lat' dir='ltr'>cornea,</span> <span class='ocrx_word' id='word_1_141' title='bbox 369 1721 417 1761; x_wconf 89' lang='lat' dir='ltr'>qua</span> <span class='ocrx_word' id='word_1_142' title='bbox 426 1706 488 1752; x_wconf 79' lang='lat' dir='ltr'>veris</span> <span class='ocrx_word' id='word_1_143' title='bbox 498 1706 576 1753; x_wconf 83' lang='lat' dir='ltr'>facilis</span> <span class='ocrx_word' id='word_1_144' title='bbox 587 1707 661 1754; x_wconf 88' lang='lat' dir='ltr'>datur</span> <span class='ocrx_word' id='word_1_145' title='bbox 670 1707 749 1754; x_wconf 82' lang='lat' dir='ltr'>exitus</span> <span class='ocrx_word' id='word_1_146' title='bbox 759 1707 860 1765; x_wconf 84' lang='lat' dir='ltr'>umbris,</span> 
     </span>
     <span class='ocr_line' id='line_1_24' title="bbox 264 1774 817 1832; baseline 0.004 -12"><span class='ocrx_word' id='word_1_147' title='bbox 264 1774 341 1820; x_wconf 81' lang='lat' dir='ltr'>altere</span> <span class='ocrx_word' id='word_1_148' title='bbox 351 1774 464 1820; x_wconf 85' lang='lat' dir='ltr'>candenti</span> <span class='ocrx_word' id='word_1_149' title='bbox 473 1775 581 1830; x_wconf 86' lang='lat' dir='ltr'>perfecta</span> <span class='ocrx_word' id='word_1_150' title='bbox 590 1775 671 1822; x_wconf 88' lang='lat' dir='ltr'>nitens</span> <span class='ocrx_word' id='word_1_151' title='bbox 680 1776 817 1832; x_wconf 76' lang='lat' dir='ltr'>elephanto,</span> 
     </span>
     <span class='ocr_line' id='line_1_25' title="bbox 264 1841 867 1891; baseline 0.003 -2"><span class='ocrx_word' id='word_1_152' title='bbox 264 1842 306 1889; x_wconf 85' lang='lat' dir='ltr'>sed</span> <span class='ocrx_word' id='word_1_153' title='bbox 315 1841 379 1887; x_wconf 83' lang='lat' dir='ltr'>falsa</span> <span class='ocrx_word' id='word_1_154' title='bbox 388 1841 419 1887; x_wconf 84' lang='lat' dir='ltr'>ad</span> <span class='ocrx_word' id='word_1_155' title='bbox 429 1842 522 1889; x_wconf 84' lang='lat' dir='ltr'>caelum</span> <span class='ocrx_word' id='word_1_156' title='bbox 532 1844 635 1890; x_wconf 87' lang='lat' dir='ltr'>mittunt</span> <span class='ocrx_word' id='word_1_157' title='bbox 643 1844 762 1891; x_wconf 89' lang='lat' dir='ltr'>insomnia</span> <span class='ocrx_word' id='word_1_158' title='bbox 771 1844 867 1891; x_wconf 86' lang='lat' dir='ltr'>Manes.</span> 
     </span>
     <span class='ocr_line' id='line_1_26' title="bbox 265 1909 874 1968; baseline 0.003 -12"><span class='ocrx_word' id='word_1_159' title='bbox 265 1911 311 1956; x_wconf 90' lang='lat' dir='ltr'>His</span> <span class='ocrx_word' id='word_1_160' title='bbox 321 1909 354 1955; x_wconf 92' lang='lat' dir='ltr'>ibi</span> <span class='ocrx_word' id='word_1_161' title='bbox 364 1910 417 1955; x_wconf 89' lang='lat' dir='ltr'>tum</span> <span class='ocrx_word' id='word_1_162' title='bbox 428 1912 513 1956; x_wconf 90' lang='lat' dir='ltr'>nutum</span> <span class='ocrx_word' id='word_1_163' title='bbox 524 1911 641 1959; x_wconf 85' lang='lat' dir='ltr'>Anchises</span> <span class='ocrx_word' id='word_1_164' title='bbox 651 1928 746 1968; x_wconf 83' lang='lat' dir='ltr'>unaque</span> <span class='ocrx_word' id='word_1_165' title='bbox 757 1911 874 1968; x_wconf 78' lang='lat' dir='ltr'>Sibyllam</span> 
     </span>
     <span class='ocr_line' id='line_1_27' title="bbox 264 1977 837 2035; baseline 0.002 -10"><span class='ocrx_word' id='word_1_166' title='bbox 264 1977 416 2035; x_wconf 87' lang='lat' dir='ltr'>prosequitur</span> <span class='ocrx_word' id='word_1_167' title='bbox 426 1978 496 2026; x_wconf 87' lang='lat' dir='ltr'>dictis</span> <span class='ocrx_word' id='word_1_168' title='bbox 506 1981 623 2034; x_wconf 88' lang='lat' dir='ltr'>portaque</span> <span class='ocrx_word' id='word_1_169' title='bbox 632 1980 723 2026; x_wconf 89' lang='lat' dir='ltr'>emittit</span> <span class='ocrx_word' id='word_1_170' title='bbox 732 1979 837 2026; x_wconf 85' lang='lat' dir='ltr'>eburna:</span> 
     </span>
     <span class='ocr_line' id='line_1_28' title="bbox 264 2047 813 2103; baseline -0.002 -9"><span class='ocrx_word' id='word_1_171' title='bbox 264 2048 304 2096; x_wconf 91' lang='lat' dir='ltr'>ille</span> <span class='ocrx_word' id='word_1_172' title='bbox 313 2047 378 2094; x_wconf 81' lang='lat' dir='ltr'>riam</span> <span class='ocrx_word' id='word_1_173' title='bbox 388 2048 453 2094; x_wconf 90' lang='lat' dir='ltr'>secat</span> <span class='ocrx_word' id='word_1_174' title='bbox 461 2047 493 2093; x_wconf 87' lang='lat' dir='ltr'>ad</span> <span class='ocrx_word' id='word_1_175' title='bbox 501 2062 576 2094; x_wconf 86' lang='lat' dir='ltr'>naves</span> <span class='ocrx_word' id='word_1_176' title='bbox 585 2048 705 2103; x_wconf 80' lang='lat' dir='ltr'>sociosque</span> <span class='ocrx_word' id='word_1_177' title='bbox 715 2048 798 2095; x_wconf 82' lang='lat' dir='ltr'>revisit</span> <span class='ocrx_word' id='word_1_178' title='bbox 807 2067 813 2103; x_wconf 93' lang='lat'><strong>;</strong></span> 
     </span>
    </p>

    <p class='ocr_par' dir='ltr' id='par_1_7' title="bbox 216 2115 869 2241">
     <span class='ocr_line' id='line_1_29' title="bbox 216 2115 833 2172; baseline -0.003 -7"><span class='ocrx_word' id='word_1_179' title='bbox 216 2136 254 2172; x_wconf 88' lang='lat'>900</span> <span class='ocrx_word' id='word_1_180' title='bbox 264 2119 318 2165; x_wconf 85' lang='lat' dir='ltr'>tum</span> <span class='ocrx_word' id='word_1_181' title='bbox 328 2132 353 2164; x_wconf 86' lang='lat' dir='ltr'>se</span> <span class='ocrx_word' id='word_1_182' title='bbox 363 2115 394 2163; x_wconf 86' lang='lat' dir='ltr'>ad</span> <span class='ocrx_word' id='word_1_183' title='bbox 404 2115 502 2163; x_wconf 80' lang='lat' dir='ltr'>Caietae</span> <span class='ocrx_word' id='word_1_184' title='bbox 512 2117 578 2163; x_wconf 90' lang='lat' dir='ltr'>recto</span> <span class='ocrx_word' id='word_1_185' title='bbox 588 2115 637 2162; x_wconf 78' lang='lat' dir='ltr'>fert</span> <span class='ocrx_word' id='word_1_186' title='bbox 647 2117 717 2163; x_wconf 89' lang='lat' dir='ltr'>litore</span> <span class='ocrx_word' id='word_1_187' title='bbox 727 2117 833 2172; x_wconf 89' lang='lat' dir='ltr'>portum.</span> 
     </span>
     <span class='ocr_line' id='line_1_30' title="bbox 265 2184 869 2241; baseline -0.003 -7"><span class='ocrx_word' id='word_1_188' title='bbox 265 2186 361 2234; x_wconf 82' lang='lat' dir='ltr'>Ancora</span> <span class='ocrx_word' id='word_1_189' title='bbox 371 2185 400 2232; x_wconf 91' lang='lat' dir='ltr'>de</span> <span class='ocrx_word' id='word_1_190' title='bbox 410 2199 483 2240; x_wconf 87' lang='lat' dir='ltr'>prora</span> <span class='ocrx_word' id='word_1_191' title='bbox 492 2184 594 2240; x_wconf 85' lang='lat' dir='ltr'>iacitur;</span> <span class='ocrx_word' id='word_1_192' title='bbox 609 2185 677 2231; x_wconf 88' lang='lat' dir='ltr'>stant</span> <span class='ocrx_word' id='word_1_193' title='bbox 686 2184 758 2232; x_wconf 92' lang='lat' dir='ltr'>litore</span> <span class='ocrx_word' id='word_1_194' title='bbox 767 2199 869 2241; x_wconf 85' lang='lat' dir='ltr'>puppes.</span> 
     </span>
    </p>
   </div>
   <div class='ocr_carea' id='block_1_3' title="bbox 445 2275 753 2313">
    <p class='ocr_par' dir='ltr' id='par_1_8' title="bbox 445 2275 753 2313">
     <span class='ocr_line' id='line_1_31' title="bbox 445 2275 753 2313; baseline 0 -1"><span class='ocrx_word' id='word_1_195' title='bbox 445 2279 481 2312; x_wconf 77' lang='lat'><strong>900.</strong></span> <span class='ocrx_word' id='word_1_196' title='bbox 501 2275 585 2312; x_wconf 81' lang='lat' dir='ltr'>‘ltmlte&#39;</span> <span class='ocrx_word' id='word_1_197' title='bbox 592 2276 647 2313; x_wconf 86' lang='lat' dir='ltr'>codd.</span> <span class='ocrx_word' id='word_1_198' title='bbox 655 2276 753 2312; x_wconf 85' lang='lat' dir='ltr'>nonnulli.</span> 
     </span>
    </p>
   </div>
   <div class='ocr_carea' id='block_1_4' title="bbox 0 0 990 3164">
    <p class='ocr_par' dir='ltr' id='par_1_9' title="bbox 0 0 990 3164">
     <span class='ocr_line' id='line_1_32' title="bbox 0 0 990 3164; baseline 0 0"><span class='ocrx_word' id='word_1_199' title='bbox 0 0 990 3164; x_wconf 95' lang='lat' dir='ltr'> </span> 
     </span>
    </p>
   </div>
  </div>
 </body>
</html>
