1972 3164
427 130 536 170 AENEIS.
562 131 582 170 V

166 239 212 271 nec
234 226 314 272 tecum
339 224 481 283 Ausonium,
502 226 644 282 quicumque
664 229 709 285 est,
729 244 844 284 quaerere

224 293 358 349 Thybnm)

166 361 275 410 Dixerat
285 362 353 419 haec,
365 364 444 419 adytis
455 379 511 411 cum
521 363 628 410 lubricus
638 365 726 423 anguis
736 366 767 412 ab
776 366 831 412 imis

167 432 260 487 septem
270 430 355 488 ingens
364 447 444 489 gyros,
455 434 556 487 septena
564 431 689 479 volumina
698 434 784 491 traxit,

166 498 293 554 amplexus
302 499 395 554 placide
404 500 525 546 tumulum
535 499 664 556 lapsusque
675 518 718 558 per
728 517 793 559 aras,

167 565 293 614 caeruleae
303 568 342 615 eui
352 569 422 626 terga
430 569 503 615 notae
513 568 649 615 maculosus
659 571 685 616 et
694 586 755 617 auro

167 649 293 690 squamam
303 636 446 684 incendebat
456 636 545 694 fulgor,
556 652 600 683 ceu
609 637 713 685 nubibus
723 656 794 688 arcus

168 703 236 751 mille
245 703 302 751 iacit
312 705 391 752 varios
401 705 501 751 adverso
511 705 559 751 sole
569 705 667 753 colores.

133 789 159 829 90
170 773 304 828 Obstupuit
314 773 367 819 visu
376 774 479 820 Aeneas.
509 773 553 820 Ille
562 774 658 830 agmine
668 774 739 833 longo

169 841 269 888 tandem
278 841 343 888 iuter
353 843 450 897 pateras
460 844 485 888 et
495 841 558 889 levia
567 842 653 897 pocula
663 859 761 899 serpens

169 908 301 965 libavitque
311 910 384 965 dapes
393 925 523 965 rursusque
532 910 643 957 innoxius
652 912 701 959 imo

170 977 285 1024 successit
294 978 390 1025 tumulo
399 980 424 1025 et
434 978 534 1033 depasta
543 978 632 1025 altaria
640 979 718 1035 liquit.

170 1045 227 1093 Hoc
236 1045 313 1103 magis
322 1047 430 1103 inceptos
439 1047 544 1103 genitori
552 1047 675 1094 instaurat
684 1049 794 1106 honores,

170 1112 287 1171 incertus,
297 1117 425 1172 geniumne
435 1115 480 1162 loci
489 1114 639 1162 famulumne
650 1118 758 1171 parentis

169 1197 223 1229 esse
233 1184 303 1237 putet
314 1204 319 1230 :
337 1185 415 1231 coedit
424 1184 493 1231 binas
504 1184 533 1230 de
544 1199 610 1231 more
619 1184 728 1232 bidentes

170 1251 256 1306 totque
266 1267 328 1308 sues,
338 1253 439 1300 totidem
448 1253 574 1308 nigrantes
583 1254 654 1308 tergo
663 1252 783 1308 iuvencos,

171 1318 276 1374 rinmue
285 1320 403 1367 fundebat
413 1320 505 1376 puteris
515 1320 667 1375 animamque
677 1320 778 1367 vocabat

172 1388 294 1436 Anchisae
303 1389 386 1444 magni
395 1404 524 1444 manesque
534 1388 671 1435 Acheronte
681 1389 800 1436 remissos.

125 1479 163 1506 ιω
173 1458 227 1506 Neo
236 1472 284 1505 non
293 1459 318 1504 et
328 1458 392 1514 socii,
403 1472 464 1512 quae
474 1457 559 1512 cuique
569 1458 606 1503 est
617 1457 692 1513 copia,
703 1457 762 1503 laeti

174 1528 240 1575 dona
249 1525 339 1583 ferunt,
350 1527 451 1574 onerant
461 1541 517 1572 aras
527 1527 683 1580 mactantque
693 1526 814 1582 iuvencos,

174 1595 260 1645 ordine
269 1597 330 1640 aena
338 1595 419 1642 locant
428 1594 470 1640 ulii
479 1594 574 1650 lusique
584 1609 629 1649 per
637 1593 737 1641 herbam

175 1665 306 1713 subiiciunt
314 1665 410 1712 veribus
420 1679 511 1720 prunas
521 1665 546 1710 et
555 1662 647 1710 viscera
657 1664 760 1710 torrent.

204 1733 355 1788 Exspectata
363 1733 413 1780 dies
423 1732 508 1779 aderat
517 1746 652 1786 nonamque
662 1747 747 1778 serena

175 1802 295 1849 Auroram
305 1800 464 1848 Phaethontis
474 1800 529 1855 equi
538 1800 587 1846 iam
596 1800 649 1847 luce
658 1801 787 1858 vehebant,
822 1826 828 1837 ·

175 1873 289 1926 fumoque
297 1869 410 1917 finitimos
420 1871 445 1916 et
455 1868 515 1916 olari
524 1883 611 1916 nomen
621 1869 723 1916 Acestae

176 1940 284 1989 excierat
295 1959 300 1986 :
316 1937 379 1985 laeto
389 1937 539 1993 complerant
548 1937 621 1984 litora
631 1939 702 1984 coetu

176 2008 255 2056 visuri
263 2007 398 2064 Aeneadas,
409 2022 466 2062 pars
476 2007 501 2053 et
511 2007 604 2053 certare
614 2005 703 2060 parati.

177 2077 285 2125 Munera
293 2075 410 2131 principio
420 2076 478 2122 ante
487 2073 568 2121 oculos
579 2073 688 2128 circoque
699 2073 811 2119 locantur

130 2160 167 2187 110
176 2146 205 2192 in
214 2145 300 2200 medio,
311 2143 374 2190 sacri
381 2143 486 2198 tripodes
496 2143 631 2196 viridesque
641 2155 751 2196 coronae,

178 2217 205 2262 et
215 2213 309 2269 palmae
319 2212 424 2268 pretium
434 2210 574 2267 victoribus,
585 2224 700 2263 armaque
710 2210 736 2255 ct
746 2210 812 2256 ostro

178 2282 292 2340 perfusae
301 2283 388 2336 vestes,
399 2280 495 2336 argenti
505 2279 604 2334 aurique
614 2278 708 2325 talenta
717 2294 724 2333 ς

178 2354 205 2399 ot
213 2350 275 2397 tuba
284 2349 422 2398 commissos
431 2348 509 2395 medio
519 2347 584 2394 cauit
595 2362 682 2404 aggere
692 2345 768 2393 ludos.

406 2438 441 2470 112.
462 2444 479 2469 a.
488 2434 501 2468 l.
511 2432 631 2468 ‘talentum'

226 2489 297 2538 (21³)
