1972 3164
332 177 442 217 AENEIS.
467 178 489 216 11

75 273 99 322 0
108 273 196 330 patria,
207 288 221 321 o
231 273 312 320 divum
322 275 407 321 domus
417 274 489 321 Ilium
499 275 524 321 et
534 274 618 322 inclita
626 275 689 323 bello

76 342 174 390 moenia
183 342 352 390 Dardanidum
362 346 367 390 Ξ
383 345 470 398 quater
479 343 531 398 ipso
540 343 566 390 in
575 343 656 392 limine
666 347 750 401 portae

75 410 186 459 substitit
196 412 269 466 atque
278 412 349 458 utero
357 411 465 458 sonitum
476 413 563 467 quater
573 427 642 459 arma
651 412 750 461 dedere:

75 480 196 527 instamus
206 481 290 527 tamen
299 480 451 527 immemores
461 480 571 536 caecique
581 480 671 538 furore,

74 550 102 597 et
111 549 247 594 monstrum
256 548 341 595 infelix
351 550 447 596 sacrata
456 549 564 596 sistimus
574 564 637 596 arce.

76 617 147 665 Tunc
157 617 230 663 etiam
240 616 299 663 fatis
309 617 387 673 aperit
397 618 536 665 Cassandra
545 617 636 665 futuris

75 700 120 732 ora
129 684 168 732 dei
177 685 245 732 iussu
253 701 302 732 nou
311 701 425 740 umquam
435 686 529 733 credita
538 686 638 733 Teucris
648 707 653 734 ε

76 769 121 800 nos
132 752 232 800 delubra
242 753 313 800 deum
324 753 413 809 miseri,
424 753 511 809 quibus
520 754 622 800 ultimus
632 756 696 802 esset

77 821 118 869 ille
128 822 187 878 dies,
197 822 262 869 festa
270 822 379 869 velamus
388 822 474 869 froude
483 838 527 878 per
536 823 628 870 urbem.

26 901 67 940 2⁵0
108 889 114 911 ‘
123 889 235 938 Vertitur
244 889 339 936 interea
347 890 440 937 eaelum
450 891 475 937 et
484 891 536 936 ruit
546 890 644 937 Oceano
653 905 710 946 nox,

77 957 203 1006 involvens
213 959 300 1005 umbra
309 973 398 1014 magna
406 960 544 1014 ten-amque
554 959 682 1014 polumque

77 1026 305 1084 Myrmidonumque
315 1026 381 1074 dolos
389 1046 395 1083 ς
410 1026 460 1072 fusi
469 1042 512 1082 per
521 1027 616 1074 moenia
626 1026 714 1074 Teucri

77 1095 224 1152 conticuere,
235 1110 306 1150 sopor
314 1095 390 1142 iessos
400 1095 567 1151 complectitur
577 1096 654 1142 artus.

77 1165 112 1211 Et
122 1163 171 1210 iam
181 1163 274 1220 Argiva
283 1163 390 1219 phalanx
398 1164 524 1211 instructis
534 1163 635 1210 navibus
644 1163 697 1210 ibat

77 1248 93 1280 a
103 1232 202 1280 Tenedo
210 1233 300 1280 tacitae
310 1247 353 1288 per
362 1232 440 1279 amica
450 1231 546 1278 silentia
555 1231 627 1277 lunae

77 1301 153 1349 litora
162 1303 221 1348 note
230 1303 314 1356 petens
323 1322 328 1347 :
344 1301 454 1348 flammas
464 1315 519 1347 cum
529 1299 598 1354 regia
607 1298 696 1353 puppis

78 1369 210 1426 extulerat,
220 1369 325 1424 fatisque
334 1370 406 1416 deum
416 1368 529 1415 defensus
539 1365 627 1422 iniquia

78 1437 184 1484 inclusos
194 1439 264 1484 utero
273 1437 372 1484 Danaos
382 1437 407 1483 et
417 1436 489 1491 pinea
497 1435 585 1481 furtim

78 1505 147 1552 laxat
158 1505 266 1552 claustra
274 1505 356 1552 Sinon.
386 1504 445 1551 illos
455 1503 594 1559 patefactus
604 1502 636 1549 ad
645 1516 718 1547 auras

31 1579 70 1617 260
80 1572 161 1620 reddit
171 1588 253 1630 equus,
263 1573 367 1628 laetique
377 1588 437 1620 cavo
447 1587 471 1619 se
481 1571 567 1619 robore
576 1571 691 1626 promunt

79 1641 248 1689 Thessandrus
258 1641 432 1697 Sthenelusque
442 1641 514 1688 duces
524 1640 550 1686 et
559 1639 626 1686 dirus
637 1638 729 1695 Ulixes,

78 1710 210 1757 demissum
219 1709 282 1765 lapsi
292 1725 335 1765 per
344 1710 437 1765 funem,
448 1709 598 1763 Acamasque
609 1707 734 1762 Th0asque

80 1778 221 1833 Pelidesque
231 1778 404 1834 Neoptolemus
414 1777 553 1833 primusque
562 1776 683 1823 Machaon

79 1848 105 1895 et
115 1846 241 1894 Menelaus
251 1846 338 1902 etipse
348 1846 395 1892 doli
401 1845 535 1892 fabricator
544 1845 631 1900 Epeos.

79 1915 207 1963 Invadunt
216 1915 301 1962 urbem
311 1929 395 1962 somno
404 1914 506 1969 vinoque
515 1913 634 1969 sepultam
643 1931 650 1969 ;

80 1985 217 2032 caeduntur
226 1983 319 2040 vigiles,
330 1982 453 2038 portisque
463 1981 603 2037 patentibus
613 1994 695 2027 omnes

80 2052 203 2108 accipiunt
213 2052 288 2099 socios
297 2053 370 2106 atque
380 2050 477 2106 agmina
486 2049 581 2096 conscia
590 2047 703 2103 iungunt.

111 2121 118 2143 ‘
127 2122 234 2176 Tempus
239 2121 300 2176 erat,
308 2133 355 2174 quo
364 2118 442 2174 prima
451 2117 518 2173 quies
527 2115 670 2162 mortalibus
676 2113 755 2170 aegris

80 2189 167 2245 incipit
176 2190 201 2236 et
211 2189 274 2235 dono
283 2187 365 2234 divum
375 2185 513 2242 gratissima
522 2182 604 2238 serpit.

33 2274 72 2311 ηο
81 2259 113 2306 In
123 2257 212 2305 somnis
222 2271 276 2304 ecce
286 2258 343 2302 ante
354 2253 435 2301 oculos
444 2251 617 2299 maestissimus
628 2249 721 2294 Hector

82 2328 148 2374 visus
158 2326 241 2373 adesse
250 2323 309 2370 mihi
318 2322 446 2378 largosque
455 2319 581 2366 effundere
591 2316 671 2372 fletus,

81 2395 197 2451 raptatus
206 2392 276 2448 bigis,
285 2393 315 2438 ut
325 2389 454 2445 quondam,
464 2389 563 2440 aterque
573 2384 673 2431 cruento

81 2463 190 2522 pulvere,
200 2475 289 2517 perque
299 2458 371 2515 pedes
381 2456 499 2505 traiectus
508 2453 562 2501 lora
569 2453 699 2500 tumentes.

131 2530 202 2581 (145)
