1972 3164
463 331 484 369 P.
497 330 616 370 VERGILI
629 329 756 370 MARONIS

271 425 302 474 ad
312 426 410 483 plenum
420 425 560 475 calcentur:
574 443 637 484 aqua
647 425 795 474 eluctabitur
804 425 882 475 omnis

271 496 362 544 scilieet
372 499 397 544 et
406 497 510 554 grandes
520 497 591 545 ibunt
601 512 645 553 per
654 496 745 544 vimina
753 497 840 554 guttae
849 517 855 553 ;

261 563 262 566 ’
272 567 299 613 at
309 581 381 622 sapor
388 566 502 614 iudicium
512 567 587 614 faciet
596 566 748 624 manifestus,
759 567 784 613 et
794 581 837 613 ora

271 636 354 683 tristia
362 637 528 692 temptantum
538 651 610 684 sensu
620 635 742 691 torquebit
751 650 842 683 omaro.

272 704 372 761 Pinguis
382 704 440 751 item
450 704 643 761 quaestuum,
655 705 699 752 hoe
710 704 812 760 denique
821 706 895 761 pacto

272 773 384 820 discimus
394 794 399 819 :
413 773 479 820 haud
489 789 603 829 umquem
612 773 724 821 manibus
733 773 827 820 iactata
834 773 941 830 fatiscit,

223 856 260 893 250
273 842 314 889 sod
324 841 383 898 picis
392 842 419 888 in
427 857 519 889 morem
529 842 560 889 ad
570 841 658 898 digitos
668 841 780 889 lentescit
789 841 912 890 habendo.

272 911 363 959 Umida
371 911 473 958 maiores
482 911 570 958 herbas
580 910 633 967 alit,
643 910 742 967 ipsaque
752 911 817 959 iusto

271 979 365 1027 laetior.
396 980 444 1037 Ah,
455 979 556 1026 nimium
566 993 595 1025 ne
606 978 638 1026 sit
648 978 707 1024 mihi
716 978 805 1026 fertilis
815 979 859 1027 illa

270 1063 321 1096 neu
330 1063 354 1095 se
364 1049 528 1104 praevalidam
538 1046 622 1103 primis
632 1047 745 1094 ostendat
755 1047 852 1094 aristis!

273 1117 339 1174 Quae
349 1116 430 1173 gravis
440 1117 477 1163 est
486 1116 539 1171 ipso
548 1114 650 1162 tacitam
661 1130 685 1162 se
695 1116 800 1171 pondero
810 1115 902 1173 prodit,

272 1199 378 1240 quaeque
393 1184 460 1231 levis.
491 1184 636 1238 Promptum
651 1186 688 1229 est
706 1183 781 1231 oculis
796 1185 950 1240 praediscere

327 1269 431 1310 mmm,

272 1322 297 1368 et
307 1321 359 1376 quis
370 1321 409 1368 eui
418 1320 491 1367 color.
521 1320 556 1366 At
567 1319 712 1367 sceleratum
722 1321 848 1376 exquirere
857 1321 940 1381 frigus

272 1389 366 1437 difficile
376 1391 413 1436 est
422 1410 427 1436 :
442 1389 524 1444 piceae
533 1389 632 1435 tantum
642 1389 740 1445 taxique
749 1391 864 1437 nocentes

271 1458 393 1505 interdum
403 1459 447 1504 aut
456 1458 559 1505 hederae
570 1456 682 1513 pandunt
691 1458 795 1514 vestigia
804 1457 900 1515 nigrae.

301 1528 348 1574 His
358 1525 530 1574 animadversis
540 1526 632 1573 terram
642 1525 720 1572 multo
729 1528 788 1573 ante
798 1529 923 1576 memento

223 1598 260 1635 260
272 1610 402 1652 excoquere
412 1597 437 1641 et
447 1609 546 1651 magnos
556 1593 679 1641 scrobibus
690 1593 813 1642 concidere
823 1598 929 1655 montes,

271 1666 329 1710 ante
340 1664 465 1719 supinatas
474 1662 589 1718 Aquiloni
598 1663 724 1709 ostendere
734 1661 841 1722 glaebas,

271 1747 343 1788 quam
353 1730 444 1777 laetum
454 1730 558 1778 infodias
568 1731 624 1777 vitis
635 1745 718 1788 genus.
749 1731 850 1788 Optima
859 1733 928 1789 putri

270 1815 330 1848 arva
339 1799 402 1846 eolo:
416 1799 442 1846 id
451 1799 518 1846 venti
528 1801 615 1846 curant
626 1799 765 1858 gelidaeque
775 1800 878 1856 pruinae

270 1871 295 1916 et
304 1867 426 1915 labefacta
435 1882 534 1914 movens
543 1868 657 1914 robustus
667 1868 752 1924 iugera
762 1868 850 1916 fossor.

270 1938 306 1984 At
316 1937 336 1983 si
346 1951 403 1992 quos
413 1936 479 1983 haud
488 1936 540 1982 ulla
548 1936 612 1984 viros
621 1936 749 1993 vigilantia
758 1936 831 1995 fugit,

269 2008 327 2054 ante
336 2007 415 2053 locum
425 2005 527 2053 similem
537 2005 675 2062 exquirunt,
686 2004 728 2051 ubi
737 2005 817 2061 pn'ma
826 2007 929 2062 paretur

270 2075 395 2123 arboribus
406 2089 482 2132 seges,
493 2074 519 2121 et
528 2089 576 2129 quo
585 2088 641 2120 mox
649 2073 744 2130 digesta
752 2073 857 2131 feratur,

271 2145 391 2190 mutatam
401 2143 514 2201 ignorent
524 2142 604 2189 subito
614 2158 644 2189 na
654 2142 746 2189 semina
755 2143 868 2190 matrem.

271 2212 335 2268 Quin
345 2212 419 2258 etiam
429 2211 490 2258 caeli
499 2212 621 2271 regionem
630 2211 656 2257 in
667 2211 756 2258 cortice
766 2211 874 2269 signant,

222 2300 258 2336 270
270 2282 299 2327 ut
308 2295 354 2337 quo
365 2295 471 2336 quaeque
481 2280 551 2327 modo
562 2281 664 2337 steterit,
676 2295 721 2336 que
731 2281 802 2335 parte
812 2279 905 2327 calores

269 2348 390 2396 austrinos
399 2348 493 2406 tulerit,
505 2364 565 2404 quoe
575 2350 647 2406 terga
657 2348 789 2395 obverterit
799 2349 847 2406 axi,

269 2419 401 2465 restituant
410 2438 416 2463 :
430 2417 490 2464 adeo
496 2417 522 2462 in
527 2417 617 2463 teneris
626 2431 780 2464 consuescere
786 2417 892 2464 multum
899 2417 943 2464 est.

270 2486 375 2533 Collibus
386 2502 418 2533 an
428 2484 501 2541 plano
511 2485 596 2531 melius
608 2484 640 2530 sit
649 2499 738 2540 ponere
747 2485 831 2542 vitem,

270 2568 357 2609 quaere
367 2554 443 2610 prius.
476 2553 503 2601 Si
512 2553 608 2609 pinguis
618 2568 690 2609 agros
700 2553 823 2601 metabere
833 2554 920 2610 campi,

318 2691 326 2739 (
365 2689 374 2739 )
445 2640 481 2675 2¹7.
503 2637 657 2673 ‘umaror¹codd.
667 2637 765 2674 nonnulli.

334 2693 358 2739 ⁶4
