1972 3164
416 194 564 235 BUOOLIOA.
589 197 609 235 X

136 303 161 329 το
171 289 261 336 nvidus
271 288 371 336 hiberna
380 290 447 337 venit
457 291 487 338 de
496 291 586 348 glande
596 291 728 351 Menalcas,

172 358 264 406 Omnes
287 357 364 406 ‘unde
386 374 454 406 amor
473 360 532 407 iste’
555 363 643 418 rogent
664 361 747 409 ‘tibit'’
776 364 850 412 Venit

229 427 318 483 Apollo
329 448 334 475 ι

172 497 178 517 ‘
187 495 267 553 Galle,
278 496 336 551 quid
345 496 464 544 insenisi’
480 497 567 555 inquit,
580 498 638 545 ‘tua
648 514 708 546 eura
717 499 815 555 Lycoris

171 579 263 620 perque
267 564 336 612 nives
342 564 417 611 alium
423 581 512 621 perque
518 566 848 614 horridaeastrasecutaest.’

171 633 249 680 Venit
258 633 283 679 et
294 633 385 689 agresti
396 634 481 688 capitis
492 635 604 681 Silvanus
614 635 703 683 honore

172 701 287 748 florentes
297 701 388 748 ferulas
398 703 423 749 ct
432 703 535 758 grandia
544 703 595 749 lilia
602 718 726 758 quassans.

171 770 227 816 Pan
238 770 297 816 dens
304 769 422 816 Arcadiae
432 770 507 827 venit,
518 786 589 826 quem
599 771 702 818 vidimus
711 772 759 828 ipsi

172 838 313 896 sanguineis
323 837 387 885 ebuli
396 837 461 885 bacis
471 838 590 894 minioque
600 839 735 887 rubentem.

172 905 278 962 ‘Ecquis
293 905 341 954 erit
356 906 471 953 modusl’
493 906 579 962 inquit.
611 906 700 955 ‘Amor
720 924 770 956 uon
788 909 850 956 talin

231 975 302 1022 curui
313 995 319 1022 ι

172 1058 217 1090 nec
227 1042 333 1091 lacrimis
343 1043 448 1091 crudelis
457 1043 534 1091 Amor
543 1059 587 1092 nec
597 1044 709 1102 gramina
718 1045 778 1093 rivis

122 1118 124 1131 '
138 1131 162 1165 30
173 1127 217 1160 nec
227 1112 304 1168 cytiso
313 1113 457 1159 saturantur
467 1128 524 1168 apes
534 1128 578 1160 nec
587 1113 673 1161 fronde
683 1115 807 1169 capellae!

122 1182 127 1225 l
174 1180 261 1227 Tristis
271 1180 347 1228 atille
359 1180 465 1228 ‘Tamen
472 1181 611 1239 cantabitis,
621 1182 748 1239 Arcades,’
760 1183 848 1239 inquit,

174 1249 180 1269 ‘
190 1249 311 1296 montibus
319 1249 378 1296 haec
388 1250 484 1306 vestris,
495 1249 540 1296 soli
549 1251 648 1296 cantare
658 1250 731 1305 periti

174 1319 289 1366 Arcades.
319 1318 340 1366 Ο
356 1318 416 1365 mihi
432 1320 486 1365 tum
500 1332 573 1373 quam
586 1317 692 1364 molliter
705 1332 760 1364 ossa
774 1317 851 1373 quies·

163 1437 171 1451 ,
231 1388 296 1445 cant,
826 1429 828 1434 .

174 1457 256 1503 vestm
269 1471 334 1504 mecs
344 1456 401 1503 clim
412 1455 433 1503 si
443 1455 528 1503 fistula
537 1455 604 1502 dicat
614 1457 721 1502 amores!

175 1525 255 1580 Atque
266 1525 361 1572 utinum
369 1541 399 1572 ex
408 1525 475 1572 vobis
485 1538 549 1571 unus
558 1522 679 1578 vestrique
688 1522 788 1570 fuissem

175 1594 218 1639 aut
228 1594 309 1640 custos
318 1594 399 1650 gregis
409 1594 454 1640 unt
463 1595 574 1639 maturae
584 1591 673 1638 vinitor
683 1606 744 1638 uuae
753 1594 759 1638 l

175 1662 246 1709 Certe
256 1662 306 1710 sive
315 1662 376 1709 mihi
384 1662 478 1717 Phyllis
488 1661 538 1709 sire
544 1662 607 1708 esset
616 1661 736 1716 Amyntas

175 1745 216 1778 seu
222 1731 365 1787 quicumque
371 1731 441 1778 furor
449 1730 516 1787 (quid
522 1732 583 1787 tum,
591 1730 612 1776 si
621 1729 704 1777 fuscus
712 1729 849 1785 Amyntas?

174 1798 208 1846 Et
217 1800 301 1856 nigrae
310 1799 387 1847 violae
397 1801 455 1846 sunt
465 1802 490 1846 et
499 1798 607 1846 vaccinia
616 1798 705 1855 nigra),

174 1882 267 1915 mecum
277 1868 342 1915 inter
352 1868 435 1915 salices
445 1867 513 1916 lenta
522 1867 567 1914 sub
577 1867 627 1915 vite
637 1867 727 1914 iaceret
737 1887 743 1914 :

174 1938 240 1984 serta
250 1937 309 1983 mihi
319 1936 412 1992 Phyllis
422 1936 522 1994 legeret,
533 1936 644 1983 cantaret
654 1934 783 1991 Amyntas.

174 2004 221 2052 Hic
230 2005 304 2062 gelidi
313 2004 402 2060 fontes,
412 2005 451 2052 hic
461 2005 543 2052 mollia
553 2005 633 2060 prata,
645 2002 741 2060 Lyconi,

173 2073 212 2121 hic
221 2088 307 2121 nemus
318 2094 324 2120 z
339 2073 379 2120 hic
388 2073 441 2129 ipsc
449 2075 531 2121 tecum
541 2087 695 2120 consumerer
704 2087 771 2118 aevo.

174 2141 246 2190 Nunc
255 2142 355 2189 insanus
365 2157 433 2189 amor
443 2142 498 2189 duri
507 2157 545 2189 me
555 2141 646 2188 Martis
655 2141 681 2187 in
690 2140 765 2187 armis

172 2209 222 2257 tela
231 2210 296 2258 inter
305 2210 385 2258 media
395 2212 468 2266 amne
477 2211 591 2257 adversos
600 2209 693 2256 detinet
703 2208 786 2254 hostes
794 2226 801 2254 ι

174 2279 203 2326 tu
213 2279 296 2336 procul
307 2296 322 2326 a
332 2279 413 2335 patria
423 2280 476 2335 (nee
485 2279 518 2326 sit
527 2276 587 2324 mihi
598 2278 694 2324 credere
704 2274 811 2331 tantum)

173 2348 274 2404 Alpinas
284 2348 316 2395 ah
327 2349 388 2395 dure
396 2349 464 2394 nives
475 2349 500 2395 et
509 2347 604 2404 frigora
613 2345 696 2392 Rheni

173 2417 271 2465 mesine
282 2417 333 2465 sola
342 2417 416 2463 vides.
442 2417 483 2463 Ah
492 2418 518 2462 te
528 2431 558 2462 ne
568 2414 664 2472 frigora
672 2412 785 2460 laedant!

122 2526 124 2533 ,
173 2485 212 2532 Ah
222 2486 309 2533 tibine
319 2487 416 2533 teneras
425 2483 514 2542 glacies
524 2484 589 2531 secet
599 2497 685 2538 aspera
693 2481 790 2538 plantas
800 2485 806 2530 l

221 2553 230 2602 (
238 2553 280 2604 37)
