1972 3164
432 169 542 208 AENEIS.
568 169 579 208 Ι

166 264 239 320 ostia,
247 264 313 313 dives
322 280 394 321 opum
404 265 537 320 studiisque
546 264 679 320 asperrima
688 265 744 312 belli
752 285 758 321 ;

167 348 241 390 quam
252 333 314 380 Iuno
322 332 402 380 fertur
411 333 483 379 terris
493 333 571 389 magis
580 333 690 380 omnibus
699 348 773 379 unam

167 402 308 459 posthabita
317 401 417 449 ooluisse
428 401 500 448 Samo
511 422 516 448 ε
532 401 571 448 hie
580 400 644 447 illius
654 417 732 457 arma,

168 471 208 518 hio
218 485 302 518 onnus
312 469 361 517 fuit
370 490 376 526 ;
391 471 436 517 hoe
447 486 550 527 regnum
560 470 605 517 dea
614 470 727 526 gentibus
737 486 797 529 esse,

169 538 191 586 si
200 555 249 595 qna
258 539 313 586 fata
322 538 411 596 sinant,
422 538 472 586 iam
481 541 536 586 tum
545 538 671 594 tenditque
681 538 802 595 fovetque.

169 607 313 664 Progeniem
324 607 439 654 sedenim
449 607 553 654 'l'roiano
562 623 578 654 a
588 607 705 664 sanguine
714 607 770 656 duei

129 703 158 730 ,ο
168 676 289 732 audierat,
300 675 387 732 Tyrias
397 675 453 722 olim
462 691 522 731 quae
532 677 638 723 verteret
648 691 715 723 aroes
724 695 730 732 ;

169 744 227 791 hino
236 744 351 800 populum
361 743 411 790 late
419 759 501 800 regem
510 744 619 800 belloque
630 745 759 800 superbum

167 814 302 865 venturum
309 811 401 860 excidio
410 812 499 867 Libyae
509 831 515 859 ι
531 812 564 859 sie
573 812 670 859 volvere
681 813 779 860 Parcas.

167 878 200 927 Id
209 882 320 927 metuens
329 880 464 935 veteriswe
474 895 566 927 memor
576 880 693 928 Satmnia
701 881 766 938 belli,

167 947 248 1004 prima
257 948 320 1003 quod
329 948 362 995 ad
371 948 468 994 Troiam
478 964 523 1004 pro
533 948 595 996 earis
604 950 712 1005 gesserat
722 948 795 1004 Argis
805 969 811 996 ε

167 1016 274 1063 necdum
283 1016 358 1063 etiam
367 1031 453 1064 causae
462 1016 555 1063 irarum
565 1016 676 1072 saevique
686 1016 778 1063 dolores

166 1083 309 1132 exciderant
317 1084 413 1141 animo;
427 1087 511 1132 manet
520 1085 572 1132 alta
580 1086 662 1131 mente
672 1087 796 1139 repostum

166 1152 284 1200 iudicium
294 1152 389 1199 Paridis
399 1154 540 1208 spretaeque
550 1153 639 1200 iniuria
648 1152 750 1208 formae,

167 1221 194 1268 et
204 1236 280 1277 genus
290 1220 402 1278 invisum,
413 1222 438 1268 et
447 1220 514 1276 rapti
523 1220 670 1276 Ganymedis
679 1220 781 1266 honores
792 1240 798 1266 r

167 1288 208 1335 his
218 1303 318 1336 aooensa
327 1305 401 1345 super
409 1289 512 1336 laetatos
522 1303 624 1344 aequore
634 1289 686 1334 toto

132 1381 159 1418 30
169 1356 256 1414 Troas,
266 1356 379 1412 reliquias
389 1357 503 1404 Danaum
513 1358 586 1411 atque
595 1355 695 1402 immitis
705 1355 802 1410 Achilli,

168 1424 270 1473 arcebat
278 1425 349 1481 longe
359 1424 438 1482 Latio,
448 1424 586 1478 multosque
595 1437 639 1478 per
648 1438 725 1469 annos

168 1492 284 1540 errabant
293 1493 343 1540 aeti
353 1492 412 1540 fatis
421 1493 500 1540 maria
510 1491 590 1538 omnia
600 1491 699 1538 oiroum.

169 1561 265 1608 'I'antue
274 1561 343 1607 molis
353 1563 406 1608 erat
416 1561 551 1608 Romanam
563 1560 665 1607 condere
675 1562 781 1616 gentem.

196 1629 245 1676 Vix
254 1644 267 1676 e
277 1631 407 1685 conspeetu
417 1629 512 1676 Siculas
521 1629 616 1676 telluris
625 1628 651 1675 in
660 1629 739 1676 altum

168 1697 226 1745 vela
234 1697 326 1745 dabant
335 1697 394 1744 laeti
403 1699 429 1744 et
436 1712 534 1753 spumas
545 1697 602 1744 salis
612 1713 667 1744 aere
676 1697 789 1755 ruebant,

168 1781 226 1814 oum
236 1766 298 1813 Iuno
307 1767 435 1813 aeternum
445 1780 544 1812 servans
555 1765 599 1811 sub
609 1767 706 1826 pectore
716 1766 805 1813 vulnus

168 1834 230 1883 haee
240 1849 321 1882 seeum
331 1855 336 1881 ι
354 1833 440 1881 ‘Mens
448 1833 544 1889 inoepto
554 1833 669 1881 desistere
678 1834 777 1891 victam,

168 1919 215 1951 neo
225 1918 294 1959 posse
303 1901 377 1950 Italia
387 1902 536 1948 Teucrorum
545 1903 656 1949 avertere
665 1905 760 1958 regem?

171 1972 265 2030 Quippe
274 1973 344 2019 vetor
352 1970 419 2018 fatis.
448 1969 560 2017 Pallasne
569 1985 669 2017 exurere
680 1970 781 2017 classem

133 2065 161 2104 40
171 2040 291 2097 Argivum
301 2041 373 2096 atque
382 2038 447 2094 ipsos
457 2038 536 2094 potuit
546 2038 698 2093 submergere
705 2039 789 2094 ponto,

171 2105 666 2156 uniusobnoxametfuriasdiaoisOili?

171 2178 238 2235 Ipsa,
248 2176 314 2225 Iovis
322 2176 435 2232 rapidum
444 2173 550 2222 iaculata
559 2189 572 2221 e
582 2173 687 2220 nubibus
696 2172 786 2230 ignem,

171 2246 310 2302 disiecitque
320 2246 385 2292 rates
395 2243 529 2297 evertitque
539 2257 643 2297 aequora
652 2240 740 2296 ventis,

170 2315 240 2362 illum
249 2314 411 2369 exspirantem
421 2310 538 2358 transfixo
547 2311 644 2365 pectore
654 2307 764 2354 flammas

170 2382 269 2431 turbine
279 2381 396 2437 oorripuit
405 2378 547 2435 scopuloque
557 2377 638 2423 infixit
648 2377 720 2422 acuto
729 2392 735 2430 3

171 2454 211 2500 ast
220 2466 274 2508 ego,
284 2465 345 2507 quae
355 2449 438 2496 divum
447 2446 530 2497 inoedo
539 2445 633 2503 regina,
645 2442 756 2497 Iovisque

220 2519 230 2569 (
240 2519 293 2569 ¹1³)
