1972 3164
440 177 462 216 P.
475 176 595 217 VERGILI
607 175 736 219 Maeonis

202 282 239 331 780
250 275 276 321 et
285 274 396 324 iuvenem
406 276 521 323 monstris
531 275 612 332 paridi
621 275 729 324 effudere
738 276 850 326 marinis.

251 343 328 391 Filius
338 343 451 392 ardentes
460 343 527 390 haud
536 343 610 391 setius
620 359 724 400 aequore
733 346 816 403 campi

250 413 378 461 exercebat
387 427 459 469 equos
469 428 589 468 curruque
598 413 624 460 in
633 413 698 460 bella
707 414 805 463 ruebat.

279 482 335 538 Ipse
345 481 409 530 inter
418 481 507 538 primes
521 480 656 538 praestanti
666 496 767 538 corpore
778 483 880 530 Turnus

250 551 357 598 vertitur
366 566 435 598 arma
444 551 530 598 tenens
540 551 565 598 et
574 551 627 598 tote
636 550 727 599 vertice
740 567 817 608 supra
827 554 874 600 est.

251 620 298 668 cui
307 620 398 676 triplici
406 619 495 668 crinita
504 619 562 666 iuba
571 619 641 678 galea
651 619 703 666 elta
713 620 872 668 Chimaeram

251 689 363 746 sustinet,
374 689 495 736 Aetnaeos
508 688 629 736 efflantem
639 688 751 736 faucibus
760 690 840 748 ignes,

250 758 303 804 tarn
312 758 389 815 magis
401 757 445 804 illa
453 757 559 805 fremens
569 760 594 805 et
603 757 716 805 tristibus
729 759 808 806 effera
818 758 926 816 flammis,

251 842 322 882 quam
333 827 411 884 magis
420 827 497 874 effuso
507 828 653 875 crudescunt
662 826 781 884 sauguine
791 843 897 886 pugnae.

251 895 287 942 At
296 896 373 943 levem
383 895 487 952 clipeum
497 895 598 943 sublatis
609 895 721 944 cornibus
731 896 760 944 Io

203 982 240 1018 790
251 979 311 1011 auro
320 964 459 1022 insignibat,
470 964 519 1011 iam
529 964 601 1012 saetis
612 965 698 1022 obsita,
708 964 758 1012 iam
768 965 812 1012 bos

252 1034 434 1090 (argumentum
442 1033 546 1092 ingens),
557 1036 581 1081 et
590 1036 671 1082 custos
680 1034 782 1091 virginis
792 1035 878 1094 Argus

251 1102 391 1158 caelataque
400 1118 496 1150 amnem
507 1102 612 1151 fundens
623 1105 694 1160 pater
703 1103 811 1151 Inachus
822 1119 892 1151 urna.

251 1171 392 1228 Insequitur
401 1171 497 1218 nimbus
507 1172 617 1228 pediturn
627 1172 779 1228 clipeataque
788 1172 850 1220 totis

251 1241 350 1297 agmina
363 1241 496 1288 densentur
504 1242 604 1299 campis,
614 1240 753 1298 Argivaque
763 1241 841 1298 pubes

251 1309 428 1366 Auruncaeque
438 1325 534 1369 manus,
544 1310 632 1358 Rutuli
641 1310 782 1367 veteresque
793 1309 876 1359 Sicani

251 1380 277 1426 et
287 1378 408 1427 Sacranae
417 1380 480 1429 acies
490 1382 516 1428 et
525 1380 585 1437 picti
595 1381 664 1428 scuta
674 1378 771 1436 Labici;

252 1448 293 1503 qui
302 1448 388 1507 saltus,
399 1449 520 1508 Tiberine,
529 1451 585 1497 tuos
595 1463 736 1504 sacrumque
746 1448 849 1497 Numici

251 1516 311 1565 litus
320 1520 402 1575 arant,
412 1517 564 1574 Rutulosque
573 1519 687 1566 exercent
700 1532 799 1566 vomere
809 1518 882 1567 celles

253 1586 425 1642 Circaeumque
434 1586 527 1645 iugum,
538 1587 604 1642 queis
613 1585 725 1643 Iuppiter
737 1585 857 1635 Anxurus
866 1585 928 1634 arvis

204 1664 241 1703 800
252 1655 374 1712 praesidet
384 1657 409 1703 et
418 1655 490 1703 viridi
499 1656 606 1713 gaudens
616 1655 720 1703 Feronia
729 1654 784 1703 luco
794 1674 801 1712 ς

253 1739 300 1780 qua
310 1724 414 1772 Saturae
423 1724 486 1772 iacet
500 1726 555 1772 atra
570 1724 648 1782 palus,
658 1723 799 1782 gelidusque
813 1740 858 1781 per
871 1725 929 1772 imae

252 1793 347 1850 quaerit
357 1793 404 1840 iter
413 1793 488 1840 valles
499 1795 572 1849 atque
582 1792 608 1839 in
617 1808 684 1840 mare
694 1792 807 1840 conditur
816 1793 904 1841 Ufens.

280 1862 333 1909 Hos
343 1877 416 1919 super
424 1861 522 1909 advenit
533 1861 620 1909 Volsca
630 1860 658 1909 de
668 1861 741 1920 gente
752 1861 856 1909 Camilla

252 1946 339 1988 agmen
349 1945 422 1987 agens
432 1929 540 1985 equitum
550 1932 575 1977 et
584 1930 697 1977 florentes
706 1945 762 1977 aere
771 1932 894 1987 catervas¹

251 1999 373 2056 bellatrix,
383 2013 432 2046 non
445 1996 487 2045 illa
496 1998 548 2047 colo
558 1997 689 2046 calathisve
698 1997 826 2046 Minervae

250 2068 368 2116 femineas
377 2068 475 2114 assueta
484 2082 578 2124 manus,
589 2067 631 2114 sed
640 2066 730 2123 proelia
739 2066 810 2123 virgo

252 2137 315 2186 dura
323 2136 376 2195 pati
385 2151 504 2192 cursuque
514 2136 601 2192 pedum
608 2137 761 2192 praevertere
771 2136 867 2182 ventos.

252 2206 301 2254 Illa
308 2206 348 2254 vel
357 2205 464 2253 intactae
474 2204 561 2261 segetis
572 2219 616 2261 per
625 2218 720 2252 summa
728 2202 825 2250 volaret

252 2276 363 2333 gramina
372 2289 417 2322 nec
426 2275 521 2322 teneras
532 2289 605 2321 cursu
614 2272 723 2320 laesisset
733 2272 832 2330 aristas,

205 2351 242 2390 810
252 2343 292 2391 vel
301 2359 368 2391 mare
378 2357 422 2399 per
438 2342 543 2390 medium
553 2342 631 2388 fluctu
641 2355 759 2397 suspensa
768 2340 878 2389 tumenti

252 2411 329 2459 ferret
339 2412 387 2459 iter
396 2411 484 2459 celeres
493 2425 570 2467 neque
579 2410 685 2467 tingeret
695 2424 798 2464 aequore
810 2410 918 2466 plautas.

252 2480 325 2527 Illam
334 2479 411 2526 omnis
421 2479 493 2527 tectis
503 2479 614 2536 agr-isque
624 2479 702 2527 effusa
711 2477 828 2526 iuventus

298 2547 307 2596 (
317 2560 351 2596 29²
361 2547 370 2595 )
