1972 3164
414 185 524 226 AENEIS.
550 185 607 225 VIII

172 283 239 330 stare
245 282 375 338 decemque
383 282 442 330 alios
452 284 579 331 Priamum
586 299 710 340 superesse
716 299 849 340 peraunos.

122 372 162 409 400
173 351 208 398 Et
217 367 292 410 nunc,
302 350 323 399 si
332 351 424 399 bellare
434 368 506 407 paras
516 354 590 409 atque
599 352 658 400 haec
668 353 714 399 tibi
723 367 790 400 mens
799 354 845 412 est,

173 419 288 476 quidquid
297 420 323 467 in
332 422 386 467 arte
394 435 448 468 mea
457 436 554 476 possum
565 420 708 478 promittere
719 436 800 479 curae,

173 488 237 543 quod
246 487 298 535 fieri
307 487 372 535 ferro
381 488 502 544 liquidove
515 491 596 546 potest
606 489 705 548 electro,

129 562 132 569 ⁴
173 557 292 612 quantum
302 557 369 613 ignes
380 557 520 614 animaeque
526 558 619 614 valent,
631 559 721 607 absiste
731 559 852 616 precando

172 625 264 673 viribus
274 624 413 673 indubitare
422 627 489 674 tuis.'
519 627 558 673 Ea
566 627 641 674 verba
648 627 745 675 locutus

172 695 269 750 optatos
279 693 346 741 dedit
355 694 480 750 amplexus
491 694 661 752 placidumque
670 697 758 752 petivit

173 762 282 820 coniugis
291 762 387 810 infusus
396 763 489 820 gremio
498 779 542 820 per
551 764 660 811 membra
670 780 788 822 soporem.

201 831 261 878 Inde
270 831 313 878 ubi
322 831 402 887 prima
410 831 477 886 quies
488 832 566 879 medio
575 831 624 879 iam
635 833 721 881 Noctis
731 835 833 882 abactae

173 899 293 947 curriculo
302 900 429 956 expulerat
439 915 559 958 somnum,
570 916 625 948 cum
635 902 726 950 femina
736 903 851 960 primum,

174 968 214 1016 cui
222 968 327 1016 tolerare
336 969 388 1016 colo
397 968 474 1015 vitam
483 969 599 1025 tenuique
608 970 721 1017 Minerva

124 1052 163 1090 410
174 1037 322 1094 impositum,
333 1038 438 1084 cinerem
448 1039 473 1084 et
483 1038 573 1094 sopitos
583 1039 685 1085 suscitat
695 1040 773 1096 ignes,

173 1108 270 1154 noctem
280 1107 371 1153 addens
381 1106 457 1164 operi,
467 1105 620 1162 famulasque
629 1107 661 1154 ad
677 1107 770 1154 lumina
779 1108 853 1166 longo

174 1177 270 1222 exercet
280 1190 363 1232 penso,
374 1176 470 1222 castum
480 1177 509 1221 ut
519 1190 615 1222 servare
626 1175 705 1223 cubile

174 1242 282 1300 coniugis
292 1246 317 1291 et
327 1244 403 1300 possit
413 1259 501 1300 parvos
511 1243 612 1290 educere
624 1245 711 1291 natos:

173 1312 239 1360 haud
249 1328 317 1359 secus
327 1312 469 1370 Ignipotens
479 1327 524 1359 nec
534 1313 642 1367 tempore
653 1313 748 1368 segnior
758 1312 800 1360 illo

173 1381 285 1429 mollibus
296 1397 309 1429 e
318 1382 403 1428 stratis
413 1396 488 1438 opera
497 1381 528 1427 ad
538 1380 636 1426 fabrilia
646 1381 734 1437 surgit.

173 1450 259 1498 Insula
269 1449 391 1497 Sicanium
401 1450 471 1497 iuxta
480 1449 545 1497 latus
556 1449 713 1505 Aeoliamque

174 1518 277 1575 erigitur
286 1519 400 1575 Liparen,
410 1517 563 1564 fumantibus
574 1517 651 1564 ardua
660 1519 733 1576 saxis,

174 1602 247 1643 quam
257 1587 341 1634 subter
351 1601 436 1642 specus
446 1589 472 1634 et
483 1587 615 1643 Cyclopum
625 1601 696 1633 exesa
706 1586 806 1633 ceminIs

175 1657 249 1703 antra
256 1656 367 1702 Aetnaea
375 1656 472 1712 tonant,
483 1654 603 1710 validique
613 1654 742 1702 lncudibus
751 1655 816 1702 ictus

126 1741 165 1779 420
176 1724 254 1773 auditi
263 1725 374 1772 referunt
383 1725 496 1781 gemitus,
508 1724 663 1779 striduntque
674 1724 784 1772 cavernis

176 1794 308 1842 stricturae
318 1792 453 1849 Chalybum
462 1793 488 1840 et
498 1792 638 1840 fornacibus
648 1793 711 1850 ignis
722 1793 830 1850 anhelat,

176 1861 281 1912 Vulcani
291 1861 384 1919 domus,
395 1863 420 1908 et
430 1861 550 1909 Vulcania
559 1863 655 1909 nomine
664 1863 746 1911 tellus.

176 1931 231 1979 Hoc
240 1933 301 1978 tunc
311 1929 452 1986 Ignipotens
463 1929 530 1977 caelo
540 1930 663 1978 descendit
673 1931 704 1977 ab
714 1931 773 1979 alto.

175 2001 280 2048 Ferrum
289 1998 435 2048 exercebant
443 2000 515 2046 vasto
525 1999 641 2055 Cyclopes
652 1999 678 2046 in
688 2002 769 2056 antro,

176 2070 328 2125 Brontesque
339 2067 499 2125 Steropesque
510 2069 535 2115 et
548 2068 630 2115 nudus
640 2068 752 2115 membra
767 2069 855 2123 Pyrac-

232 2153 297 2186 mon.

177 2208 224 2254 His
234 2207 396 2255 informatum
406 2205 518 2252 manibus
528 2205 578 2252 iam
588 2207 659 2261 parte
669 2204 747 2260 polita

176 2277 272 2324 fulmen
281 2278 344 2334 erat,
354 2277 408 2324 toto
420 2275 523 2322 Genitor
533 2290 594 2330 quae
605 2274 712 2330 plurima
722 2273 789 2320 caelo

177 2346 258 2393 delicit
268 2347 294 2392 in
303 2347 393 2403 terras,
404 2359 461 2401 pars
471 2344 616 2398 imperfecta
626 2341 751 2389 manebat.

178 2416 238 2464 'Ibes
248 2415 333 2463 imbris
343 2415 405 2463 torti
415 2413 505 2470 radios,
515 2415 568 2459 tres
577 2412 649 2459 nubis
660 2425 765 2467 aquosae

128 2511 166 2549 ⁴30
177 2485 331 2605 redderent,
341 2485 412 2533 rutili
422 2485 474 2530 tres
483 2481 547 2538 ignis
557 2483 582 2529 et
592 2480 658 2529 alitis
668 2480 768 2529 Austri:

245 2569 281 2605 307
