1972 3164
653 107 660 134 ς
686 118 690 124 .

423 172 532 213 AENEIS.
558 172 590 213 IX

169 267 237 315 terra
258 269 352 325 torique
376 271 476 318 madent
487 291 492 317 ι
525 287 569 320 neo
592 286 642 318 non
668 272 846 330 Lamyrumque

225 337 375 394 Lamumque

168 407 194 454 et
204 406 314 454 iuvenem
325 408 465 466 Serranum,
476 408 519 456 illa
528 409 569 465 qui
578 409 684 466 plurima
693 412 764 458 noete

167 475 270 533 luserat,
280 475 381 532 insignis
391 476 461 534 faeie,
473 478 597 533 multoque
606 478 702 526 iacebat

168 545 278 592 membra
288 545 332 591 deo
340 545 433 602 vietns;
448 546 514 603 felix,
526 546 546 593 si
555 547 666 602 protinus
674 547 743 595 illum

168 615 295 669 aequasset
305 615 371 662 noeti
380 613 464 660 ludum
473 614 499 660 in
509 614 633 670 lueemque
642 614 740 663 tulisset
750 636 755 662 :

167 682 287 738 impastus
297 698 341 730 eeu
351 683 423 739 plena
432 683 468 730 leo
478 698 522 739 per
531 684 603 731 ovilia
611 684 713 731 turbans

122 770 158 808 340
169 752 265 807 (suadet
275 752 339 799 enim
348 767 438 799 vesana
447 752 532 808 fames)
542 753 683 809 manditque
693 752 818 810 trahimus

168 819 240 866 molle
250 835 323 876 pecus
333 822 475 876 mutumque
484 823 560 879 metu,
571 821 656 869 fremit
666 837 707 869 ore
717 823 828 870 cruento.

168 888 220 936 Nee
229 888 310 936 minor
319 889 420 944 Euryali
429 890 513 936 caedes
523 908 530 946 ;
543 889 655 937 incensus
665 893 690 938 et
699 891 752 947 ipse

168 957 273 1014 perfurit
283 972 311 1004 ae
322 957 426 1004 multam
435 958 460 1004 in
470 959 549 1006 medio
558 958 610 1006 sine
619 959 716 1007 nomine
726 958 829 1016 plebem,

168 1025 309 1081 Fadumque
319 1026 500 1083 Herbesumque
511 1026 576 1073 subit
586 1026 755 1083 Rhoetumque
766 1026 843 1074 Abar-

223 1110 310 1151 1mque,

167 1163 273 1220 ignaros
284 1162 406 1210 Rhoetum
416 1162 558 1220 vigilantem
568 1165 594 1210 et
604 1165 694 1210 cuncta
702 1163 833 1218 videntem,

168 1233 211 1279 sed
220 1247 336 1290 magnum
345 1233 456 1279 metuens
466 1246 492 1278 se
502 1233 557 1286 post
567 1232 664 1278 cratera
673 1230 772 1289 tegebat
780 1249 786 1287 ;

168 1302 265 1356 pectore
274 1300 299 1346 in
309 1300 411 1347 adverso
419 1301 501 1347 totum
511 1299 550 1346 cui
560 1298 694 1346 comminus
704 1312 786 1344 ensem

168 1368 275 1416 condidit
285 1368 422 1425 assurgenti
432 1370 457 1415 et
466 1367 546 1415 multa
555 1369 633 1415 morte
642 1368 734 1423 recepit
745 1387 751 1413 e

122 1455 158 1495 350
168 1451 317 1494 purpuream
334 1435 411 1483 vomit
430 1435 470 1483 ille
490 1436 595 1482 animam
613 1437 638 1482 et
655 1450 710 1482 eum
726 1434 843 1491 sanguine

223 1505 300 1552 mixta

167 1572 227 1621 vina
234 1574 310 1620 refert
320 1573 423 1620 moriens
433 1592 439 1630 ;
453 1573 493 1620 hio
502 1573 570 1620 furto
578 1571 686 1619 fervidus
695 1571 780 1618 instat

168 1643 268 1699 Iamque
277 1642 309 1689 ad
318 1642 425 1697 Messapi
434 1641 510 1689 socios
519 1641 649 1697 tendebat3
664 1639 697 1687 ibi
706 1640 788 1696 ignem
860 1679 862 1683 ,

168 1711 269 1759 deficere
279 1711 414 1758 extremum
424 1711 449 1756 et
458 1709 573 1766 religatos
582 1709 630 1756 rite
640 1707 738 1756 videbat

168 1794 267 1836 carpere
277 1792 378 1835 maman
387 1792 459 1834 equos
469 1797 475 1824 ε
489 1777 596 1825 breviter
606 1792 660 1824 cum
671 1776 731 1823 talia
740 1775 815 1823 Nisus

168 1849 252 1904 (sensit
262 1847 326 1895 enim
336 1846 411 1894 nimia
420 1846 493 1894 caede
503 1847 575 1902 atque
585 1845 697 1901 cupidine
706 1844 776 1900 ferri)

168 1917 335 1964 ‘Absistemus
344 1915 351 1936 ⁹
363 1915 406 1972 ait,
417 1914 425 1937 ‘
435 1931 492 1962 nam
502 1916 545 1961 lux
553 1915 651 1962 inimica
660 1914 762 1970 propinq
794 1913 814 1958 t.

169 1987 305 2033 Poenarum
330 1984 474 2031 exhaustum
497 1983 557 2030 satis
581 1984 627 2039 est,
647 1982 688 2028 via
709 1981 776 2028 faeta
800 1994 844 2036 per

224 2053 322 2101 hostes!

168 2123 251 2171 Multa
260 2122 339 2169 virum
349 2120 425 2168 solido
435 2121 538 2176 argento
548 2118 657 2175 perlecta
670 2116 810 2171 relinquunt

168 2206 283 2248 armaque
292 2191 446 2245 craterasque
456 2188 528 2236 simul
541 2187 701 2243 pulchrosque
710 2185 814 2239 tapetas.

169 2261 291 2317 Euryalus
301 2259 414 2316 phaleras
422 2256 568 2304 Rhamnetis
577 2257 603 2303 et
612 2269 689 2301 aurea
698 2252 771 2299 bullis

122 2351 158 2402 3⁶0
169 2329 275 2386 cingula,
286 2329 383 2375 Tiburti
392 2325 496 2372 Remulo
505 2324 637 2371 ditissimus
647 2322 704 2368 olim

169 2413 230 2454 quae
240 2396 317 2443 mittit
328 2396 400 2447 dona,
411 2392 515 2448 hospitio
525 2407 580 2439 eum
589 2391 701 2446 iungeret
710 2388 796 2436 absens

169 2466 285 2515 Caedicus
295 2484 302 2522 ;
312 2465 353 2512 ille
363 2478 407 2511 suo
417 2461 521 2508 moriens
531 2461 574 2507 dat
584 2459 672 2507 habere
682 2458 780 2515 nepoti;

217 2533 285 2585 (329)
495 2539 527 2577 ha
