<?xml version="1.0" encoding="UTF-8"?>
<!DOCTYPE html PUBLIC "-//W3C//DTD XHTML 1.0 Transitional//EN"
    "http://www.w3.org/TR/xhtml1/DTD/xhtml1-transitional.dtd">
<html xmlns="http://www.w3.org/1999/xhtml" xml:lang="en" lang="en">
 <head>
  <title>
</title>
<meta http-equiv="Content-Type" content="text/html;charset=utf-8" />
  <meta name='ocr-system' content='tesseract 3.04.00' />
  <meta name='ocr-capabilities' content='ocr_page ocr_carea ocr_par ocr_line ocrx_word'/>
</head>
<body>
  <div class='ocr_page' id='page_1' title='image "./pvergilimaronis07virggoog/pvergilimaronis07virggoog_0220.png"; bbox 0 0 1972 3164; ppageno 0'>
   <div class='ocr_carea' id='block_1_1' title="bbox 215 51 584 186">
    <p class='ocr_par' dir='ltr' id='par_1_1' title="bbox 215 51 584 186">
     <span class='ocr_line' id='line_1_1' title="bbox 215 51 221 103; baseline 0 0"><span class='ocrx_word' id='word_1_1' title='bbox 215 51 221 103; x_wconf 70' lang='lat' dir='ltr'>i</span> 
     </span>
     <span class='ocr_line' id='line_1_2' title="bbox 429 145 584 186; baseline 0 0"><span class='ocrx_word' id='word_1_2' title='bbox 429 146 539 186; x_wconf 78' lang='lat' dir='ltr'>sunnis.</span> <span class='ocrx_word' id='word_1_3' title='bbox 564 145 584 186; x_wconf 86' lang='lat' dir='ltr'>v</span> 
     </span>
    </p>
   </div>
   <div class='ocr_carea' id='block_1_2' title="bbox 137 239 849 2546">
    <p class='ocr_par' dir='ltr' id='par_1_2' title="bbox 170 239 781 299">
     <span class='ocr_line' id='line_1_3' title="bbox 170 239 781 299; baseline 0.008 -12"><span class='ocrx_word' id='word_1_4' title='bbox 170 239 265 288; x_wconf 83' lang='lat' dir='ltr'>Mutati</span> <span class='ocrx_word' id='word_1_5' title='bbox 274 239 415 289; x_wconf 80' lang='lat' dir='ltr'>transversa</span> <span class='ocrx_word' id='word_1_6' title='bbox 423 240 533 290; x_wconf 80' lang='lat' dir='ltr'>fremunt</span> <span class='ocrx_word' id='word_1_7' title='bbox 543 241 568 289; x_wconf 91' lang='lat' dir='ltr'>st</span> <span class='ocrx_word' id='word_1_8' title='bbox 577 255 676 299; x_wconf 85' lang='lat' dir='ltr'>vespere</span> <span class='ocrx_word' id='word_1_9' title='bbox 685 239 716 290; x_wconf 87' lang='lat' dir='ltr'>ub</span> <span class='ocrx_word' id='word_1_10' title='bbox 726 242 781 292; x_wconf 88' lang='lat' dir='ltr'>atro</span> 
     </span>
    </p>

    <p class='ocr_par' dir='ltr' id='par_1_3' title="bbox 138 311 844 700">
     <span class='ocr_line' id='line_1_4' title="bbox 138 311 788 370; baseline 0.005 -14"><span class='ocrx_word' id='word_1_11' title='bbox 138 326 164 352; x_wconf 80' lang='lat'>20</span> <span class='ocrx_word' id='word_1_12' title='bbox 170 314 321 366; x_wconf 83' lang='lat' dir='ltr'>consurgunt</span> <span class='ocrx_word' id='word_1_13' title='bbox 332 312 406 370; x_wconf 87' lang='lat' dir='ltr'>venti,</span> <span class='ocrx_word' id='word_1_14' title='bbox 416 314 489 368; x_wconf 78' lang='lat' dir='ltr'>otqtre</span> <span class='ocrx_word' id='word_1_15' title='bbox 498 312 524 358; x_wconf 93' lang='lat' dir='ltr'>in</span> <span class='ocrx_word' id='word_1_16' title='bbox 533 311 622 359; x_wconf 90' lang='lat' dir='ltr'>nubem</span> <span class='ocrx_word' id='word_1_17' title='bbox 632 312 727 369; x_wconf 90' lang='lat' dir='ltr'>cogitur</span> <span class='ocrx_word' id='word_1_18' title='bbox 739 315 788 360; x_wconf 69' lang='lat' dir='ltr'>air.</span> 
     </span>
     <span class='ocr_line' id='line_1_5' title="bbox 169 379 728 428; baseline 0.002 -2"><span class='ocrx_word' id='word_1_19' title='bbox 169 379 223 426; x_wconf 87' lang='lat' dir='ltr'>Nec</span> <span class='ocrx_word' id='word_1_20' title='bbox 232 393 277 426; x_wconf 90' lang='lat' dir='ltr'>nos</span> <span class='ocrx_word' id='word_1_21' title='bbox 287 379 363 426; x_wconf 91' lang='lat' dir='ltr'>obniti</span> <span class='ocrx_word' id='word_1_22' title='bbox 373 382 458 427; x_wconf 87' lang='lat' dir='ltr'>contra</span> <span class='ocrx_word' id='word_1_23' title='bbox 467 396 511 428; x_wconf 90' lang='lat' dir='ltr'>nec</span> <span class='ocrx_word' id='word_1_24' title='bbox 520 381 620 428; x_wconf 88' lang='lat' dir='ltr'>tendere</span> <span class='ocrx_word' id='word_1_25' title='bbox 630 382 728 428; x_wconf 88' lang='lat' dir='ltr'>tantum</span> 
     </span>
     <span class='ocr_line' id='line_1_6' title="bbox 168 446 844 505; baseline -0.001 -10"><span class='ocrx_word' id='word_1_26' title='bbox 168 446 309 495; x_wconf 88' lang='lat' dir='ltr'>sufficimus.</span> <span class='ocrx_word' id='word_1_27' title='bbox 340 447 444 503; x_wconf 76' lang='lat' dir='ltr'><strong>Superat</strong></span> <span class='ocrx_word' id='word_1_28' title='bbox 454 448 566 503; x_wconf 90' lang='lat' dir='ltr'>quoniam</span> <span class='ocrx_word' id='word_1_29' title='bbox 577 447 696 505; x_wconf 87' lang='lat' dir='ltr'>Fortuna,</span> <span class='ocrx_word' id='word_1_30' title='bbox 708 462 844 505; x_wconf 87' lang='lat' dir='ltr'>sequamur,</span> 
     </span>
     <span class='ocr_line' id='line_1_7' title="bbox 168 516 795 573; baseline 0.002 -11"><span class='ocrx_word' id='word_1_31' title='bbox 168 531 264 571; x_wconf 88' lang='lat' dir='ltr'>quoque</span> <span class='ocrx_word' id='word_1_32' title='bbox 273 517 352 573; x_wconf 83' lang='lat' dir='ltr'>vocat,</span> <span class='ocrx_word' id='word_1_33' title='bbox 362 519 485 563; x_wconf 76' lang='lat' dir='ltr'><strong>vertamus</strong></span> <span class='ocrx_word' id='word_1_34' title='bbox 495 516 549 563; x_wconf 88' lang='lat' dir='ltr'>iter.</span> <span class='ocrx_word' id='word_1_35' title='bbox 579 516 632 564; x_wconf 87' lang='lat' dir='ltr'>Nec</span> <span class='ocrx_word' id='word_1_36' title='bbox 641 516 715 563; x_wconf 86' lang='lat' dir='ltr'>litora</span> <span class='ocrx_word' id='word_1_37' title='bbox 724 517 795 573; x_wconf 79' lang='lat' dir='ltr'>longe</span> 
     </span>
     <span class='ocr_line' id='line_1_8' title="bbox 169 583 752 642; baseline 0 -12"><span class='ocrx_word' id='word_1_38' title='bbox 169 583 220 631; x_wconf 81' lang='lat' dir='ltr'>fida</span> <span class='ocrx_word' id='word_1_39' title='bbox 228 599 284 631; x_wconf 87' lang='lat' dir='ltr'>reor</span> <span class='ocrx_word' id='word_1_40' title='bbox 292 584 402 631; x_wconf 78' lang='lat' dir='ltr'>fraterna</span> <span class='ocrx_word' id='word_1_41' title='bbox 409 585 495 640; x_wconf 83' lang='lat' dir='ltr'><strong>Erycis</strong></span> <span class='ocrx_word' id='word_1_42' title='bbox 504 586 635 640; x_wconf 83' lang='lat' dir='ltr'>portusque</span> <span class='ocrx_word' id='word_1_43' title='bbox 645 585 752 642; x_wconf 80' lang='lat' dir='ltr'><strong>Sicanos,</strong></span> 
     </span>
     <span class='ocr_line' id='line_1_9' title="bbox 169 652 751 700; baseline 0 -1"><span class='ocrx_word' id='word_1_44' title='bbox 169 652 192 700; x_wconf 89' lang='lat' dir='ltr'>si</span> <span class='ocrx_word' id='word_1_45' title='bbox 202 652 272 698; x_wconf 91' lang='lat' dir='ltr'>modo</span> <span class='ocrx_word' id='word_1_46' title='bbox 281 652 327 698; x_wconf 89' lang='lat' dir='ltr'>rite</span> <span class='ocrx_word' id='word_1_47' title='bbox 337 666 428 699; x_wconf 91' lang='lat' dir='ltr'>memor</span> <span class='ocrx_word' id='word_1_48' title='bbox 437 655 534 700; x_wconf 81' lang='lat' dir='ltr'>servata</span> <span class='ocrx_word' id='word_1_49' title='bbox 543 653 657 700; x_wconf 88' lang='lat' dir='ltr'>remetior</span> <span class='ocrx_word' id='word_1_50' title='bbox 667 653 751 699; x_wconf 65' lang='lat' dir='ltr'>astra!</span> 
     </span>
    </p>

    <p class='ocr_par' dir='ltr' id='par_1_4' title="bbox 169 719 808 983">
     <span class='ocr_line' id='line_1_10' title="bbox 170 719 808 776; baseline 0.003 -10"><span class='ocrx_word' id='word_1_51' title='bbox 170 719 235 766; x_wconf 84' lang='lat' dir='ltr'>Tum</span> <span class='ocrx_word' id='word_1_52' title='bbox 245 721 299 775; x_wconf 90' lang='lat' dir='ltr'>pius</span> <span class='ocrx_word' id='word_1_53' title='bbox 307 721 416 767; x_wconf 78' lang='lat' dir='ltr'>Aeneas:</span> <span class='ocrx_word' id='word_1_54' title='bbox 432 719 563 775; x_wconf 83' lang='lat' dir='ltr'>‘Equidem</span> <span class='ocrx_word' id='word_1_55' title='bbox 574 720 608 767; x_wconf 91' lang='lat' dir='ltr'>sic</span> <span class='ocrx_word' id='word_1_56' title='bbox 617 736 714 776; x_wconf 85' lang='lat' dir='ltr'>poscere</span> <span class='ocrx_word' id='word_1_57' title='bbox 723 722 808 768; x_wconf 86' lang='lat' dir='ltr'>ventos</span> 
     </span>
     <span class='ocr_line' id='line_1_11' title="bbox 169 787 779 836; baseline 0 -1"><span class='ocrx_word' id='word_1_58' title='bbox 169 787 312 835; x_wconf 88' lang='lat' dir='ltr'>iamdudum</span> <span class='ocrx_word' id='word_1_59' title='bbox 323 789 347 835; x_wconf 90' lang='lat' dir='ltr'>st</span> <span class='ocrx_word' id='word_1_60' title='bbox 358 787 452 834; x_wconf 82' lang='lat' dir='ltr'>frustra</span> <span class='ocrx_word' id='word_1_61' title='bbox 461 803 533 835; x_wconf 89' lang='lat' dir='ltr'>cerno</span> <span class='ocrx_word' id='word_1_62' title='bbox 542 791 568 835; x_wconf 81' lang='lat' dir='ltr'>te</span> <span class='ocrx_word' id='word_1_63' title='bbox 577 789 676 836; x_wconf 85' lang='lat' dir='ltr'>tendere</span> <span class='ocrx_word' id='word_1_64' title='bbox 686 791 779 836; x_wconf 86' lang='lat' dir='ltr'>contra.</span> 
     </span>
     <span class='ocr_line' id='line_1_12' title="bbox 170 854 757 914; baseline 0.003 -12"><span class='ocrx_word' id='word_1_65' title='bbox 170 854 256 902; x_wconf 79' lang='lat' dir='ltr'>Flecte</span> <span class='ocrx_word' id='word_1_66' title='bbox 266 855 329 902; x_wconf 86' lang='lat' dir='ltr'>viam</span> <span class='ocrx_word' id='word_1_67' title='bbox 339 855 406 902; x_wconf 82' lang='lat' dir='ltr'>velis.</span> <span class='ocrx_word' id='word_1_68' title='bbox 435 855 476 903; x_wconf 91' lang='lat' dir='ltr'>An</span> <span class='ocrx_word' id='word_1_69' title='bbox 486 856 518 902; x_wconf 91' lang='lat' dir='ltr'>sit</span> <span class='ocrx_word' id='word_1_70' title='bbox 527 856 587 902; x_wconf 91' lang='lat' dir='ltr'>mihi</span> <span class='ocrx_word' id='word_1_71' title='bbox 595 857 689 913; x_wconf 75' lang='lat' dir='ltr'>gratior</span> <span class='ocrx_word' id='word_1_72' title='bbox 698 857 757 914; x_wconf 78' lang='lat' dir='ltr'>ulls,</span> 
     </span>
     <span class='ocr_line' id='line_1_13' title="bbox 170 923 739 983; baseline 0.004 -13"><span class='ocrx_word' id='word_1_73' title='bbox 170 938 249 979; x_wconf 85' lang='lat' dir='ltr'>quove</span> <span class='ocrx_word' id='word_1_74' title='bbox 258 924 335 980; x_wconf 87' lang='lat' dir='ltr'>magis</span> <span class='ocrx_word' id='word_1_75' title='bbox 345 923 420 971; x_wconf 82' lang='lat' dir='ltr'>fessas</span> <span class='ocrx_word' id='word_1_76' title='bbox 430 927 511 979; x_wconf 85' lang='lat' dir='ltr'>optem</span> <span class='ocrx_word' id='word_1_77' title='bbox 521 924 647 972; x_wconf 72' lang='lat' dir='ltr'>demittere</span> <span class='ocrx_word' id='word_1_78' title='bbox 657 940 739 983; x_wconf 82' lang='lat' dir='ltr'>naves,</span> 
     </span>
    </p>

    <p class='ocr_par' dir='ltr' id='par_1_5' title="bbox 138 992 837 1313">
     <span class='ocr_line' id='line_1_14' title="bbox 138 992 837 1052; baseline 0.003 -14"><span class='ocrx_word' id='word_1_79' title='bbox 138 1015 164 1052; x_wconf 84' lang='lat'>30</span> <span class='ocrx_word' id='word_1_80' title='bbox 171 1008 246 1048; x_wconf 83' lang='lat' dir='ltr'>quam</span> <span class='ocrx_word' id='word_1_81' title='bbox 255 1007 317 1049; x_wconf 88' lang='lat' dir='ltr'>quae</span> <span class='ocrx_word' id='word_1_82' title='bbox 327 992 478 1046; x_wconf 82' lang='lat' dir='ltr'>Dardanium</span> <span class='ocrx_word' id='word_1_83' title='bbox 488 992 561 1040; x_wconf 89' lang='lat' dir='ltr'>tellus</span> <span class='ocrx_word' id='word_1_84' title='bbox 571 993 632 1040; x_wconf 89' lang='lat' dir='ltr'>mihi</span> <span class='ocrx_word' id='word_1_85' title='bbox 640 995 722 1040; x_wconf 82' lang='lat' dir='ltr'>servet</span> <span class='ocrx_word' id='word_1_86' title='bbox 731 994 837 1040; x_wconf 82' lang='lat' dir='ltr'>Acesten</span> 
     </span>
     <span class='ocr_line' id='line_1_15' title="bbox 170 1060 785 1117; baseline 0 -9"><span class='ocrx_word' id='word_1_87' title='bbox 170 1062 197 1108; x_wconf 90' lang='lat' dir='ltr'>ct</span> <span class='ocrx_word' id='word_1_88' title='bbox 207 1060 286 1116; x_wconf 85' lang='lat' dir='ltr'>patris</span> <span class='ocrx_word' id='word_1_89' title='bbox 294 1061 415 1108; x_wconf 83' lang='lat' dir='ltr'>Anchisae</span> <span class='ocrx_word' id='word_1_90' title='bbox 424 1060 514 1117; x_wconf 85' lang='lat' dir='ltr'>gremio</span> <span class='ocrx_word' id='word_1_91' title='bbox 524 1061 692 1116; x_wconf 88' lang='lat' dir='ltr'>complectitur</span> <span class='ocrx_word' id='word_1_92' title='bbox 700 1076 755 1108; x_wconf 90' lang='lat' dir='ltr'>ossa</span> <span class='ocrx_word' id='word_1_93' title='bbox 762 1062 785 1109; x_wconf 59' lang='grc' dir='ltr'>θ’</span> 
     </span>
     <span class='ocr_line' id='line_1_16' title="bbox 171 1128 782 1186; baseline 0.002 -11"><span class='ocrx_word' id='word_1_94' title='bbox 171 1129 242 1176; x_wconf 84' lang='lat' dir='ltr'>Haec</span> <span class='ocrx_word' id='word_1_95' title='bbox 251 1128 293 1175; x_wconf 91' lang='lat' dir='ltr'>ubi</span> <span class='ocrx_word' id='word_1_96' title='bbox 302 1128 375 1185; x_wconf 87' lang='lat' dir='ltr'>dicta,</span> <span class='ocrx_word' id='word_1_97' title='bbox 386 1130 473 1185; x_wconf 87' lang='lat' dir='ltr'>petunt</span> <span class='ocrx_word' id='word_1_98' title='bbox 482 1130 576 1186; x_wconf 85' lang='lat' dir='ltr'>portus,</span> <span class='ocrx_word' id='word_1_99' title='bbox 586 1131 611 1176; x_wconf 89' lang='lat' dir='ltr'>et</span> <span class='ocrx_word' id='word_1_100' title='bbox 620 1129 675 1176; x_wconf 83' lang='lat' dir='ltr'>vela</span> <span class='ocrx_word' id='word_1_101' title='bbox 684 1129 782 1176; x_wconf 88' lang='lat' dir='ltr'>secundi</span> 
     </span>
     <span class='ocr_line' id='line_1_17' title="bbox 170 1195 781 1255; baseline 0 -12"><span class='ocrx_word' id='word_1_102' title='bbox 170 1195 303 1244; x_wconf 87' lang='lat' dir='ltr'>intendunt</span> <span class='ocrx_word' id='word_1_103' title='bbox 312 1197 410 1253; x_wconf 81' lang='lat' dir='ltr'>zephyri</span> <span class='ocrx_word' id='word_1_104' title='bbox 418 1217 424 1244; x_wconf 72' lang='grc' dir='ltr'><strong><em>ε</em></strong></span> <span class='ocrx_word' id='word_1_105' title='bbox 438 1196 518 1244; x_wconf 82' lang='lat' dir='ltr'>fertur</span> <span class='ocrx_word' id='word_1_106' title='bbox 527 1197 576 1244; x_wconf 80' lang='lat' dir='ltr'>cite</span> <span class='ocrx_word' id='word_1_107' title='bbox 584 1198 681 1255; x_wconf 78' lang='lat' dir='ltr'>gurgite</span> <span class='ocrx_word' id='word_1_108' title='bbox 690 1196 781 1254; x_wconf 87' lang='lat' dir='ltr'>classis,</span> 
     </span>
     <span class='ocr_line' id='line_1_18' title="bbox 169 1264 749 1313; baseline 0 -2"><span class='ocrx_word' id='word_1_109' title='bbox 169 1266 197 1311; x_wconf 88' lang='lat' dir='ltr'>et</span> <span class='ocrx_word' id='word_1_110' title='bbox 206 1265 306 1312; x_wconf 86' lang='lat' dir='ltr'>tandem</span> <span class='ocrx_word' id='word_1_111' title='bbox 315 1264 374 1312; x_wconf 79' lang='lat' dir='ltr'>laeti</span> <span class='ocrx_word' id='word_1_112' title='bbox 383 1266 455 1313; x_wconf 89' lang='lat' dir='ltr'>notae</span> <span class='ocrx_word' id='word_1_113' title='bbox 465 1266 627 1312; x_wconf 82' lang='lat' dir='ltr'>advertuntur</span> <span class='ocrx_word' id='word_1_114' title='bbox 636 1265 749 1311; x_wconf 84' lang='lat' dir='ltr'>herenae.</span> 
     </span>
    </p>

    <p class='ocr_par' dir='ltr' id='par_1_6' title="bbox 171 1332 750 1525">
     <span class='ocr_line' id='line_1_19' title="bbox 199 1332 741 1390; baseline -0.002 -11"><span class='ocrx_word' id='word_1_115' title='bbox 199 1333 235 1379; x_wconf 93' lang='lat' dir='ltr'>At</span> <span class='ocrx_word' id='word_1_116' title='bbox 245 1333 330 1390; x_wconf 82' lang='lat' dir='ltr'>procul</span> <span class='ocrx_word' id='word_1_117' title='bbox 339 1334 431 1380; x_wconf 84' lang='lat' dir='ltr'>excelso</span> <span class='ocrx_word' id='word_1_118' title='bbox 440 1334 543 1381; x_wconf 89' lang='lat' dir='ltr'>miratus</span> <span class='ocrx_word' id='word_1_119' title='bbox 553 1333 643 1379; x_wconf 86' lang='lat' dir='ltr'>vertice</span> <span class='ocrx_word' id='word_1_120' title='bbox 652 1332 741 1378; x_wconf 88' lang='lat' dir='ltr'>montis</span> 
     </span>
     <span class='ocr_line' id='line_1_20' title="bbox 171 1400 744 1457; baseline -0.003 -9"><span class='ocrx_word' id='word_1_121' title='bbox 171 1401 306 1449; x_wconf 75' lang='lat' dir='ltr'>adventum</span> <span class='ocrx_word' id='word_1_122' title='bbox 315 1401 436 1457; x_wconf 88' lang='lat' dir='ltr'>sociasque</span> <span class='ocrx_word' id='word_1_123' title='bbox 445 1403 511 1449; x_wconf 88' lang='lat' dir='ltr'>rates</span> <span class='ocrx_word' id='word_1_124' title='bbox 521 1401 627 1451; x_wconf 88' lang='lat' dir='ltr'>occurrit</span> <span class='ocrx_word' id='word_1_125' title='bbox 637 1400 744 1457; x_wconf 81' lang='lat' dir='ltr'>Acestes,</span> 
     </span>
     <span class='ocr_line' id='line_1_21' title="bbox 171 1468 750 1525; baseline 0 -9"><span class='ocrx_word' id='word_1_126' title='bbox 171 1468 286 1517; x_wconf 89' lang='lat' dir='ltr'>horridus</span> <span class='ocrx_word' id='word_1_127' title='bbox 295 1473 321 1516; x_wconf 88' lang='lat' dir='ltr'>in</span> <span class='ocrx_word' id='word_1_128' title='bbox 330 1469 414 1517; x_wconf 88' lang='lat' dir='ltr'>iaculis</span> <span class='ocrx_word' id='word_1_129' title='bbox 424 1471 450 1517; x_wconf 88' lang='lat' dir='ltr'>et</span> <span class='ocrx_word' id='word_1_130' title='bbox 459 1469 520 1525; x_wconf 91' lang='lat' dir='ltr'>pelle</span> <span class='ocrx_word' id='word_1_131' title='bbox 530 1469 661 1525; x_wconf 81' lang='lat' dir='ltr'>Libystidis</span> <span class='ocrx_word' id='word_1_132' title='bbox 671 1483 750 1525; x_wconf 82' lang='lat' dir='ltr'>ursae,</span> 
     </span>
    </p>

    <p class='ocr_par' dir='ltr' id='par_1_7' title="bbox 172 1537 696 1593">
     <span class='ocr_line' id='line_1_22' title="bbox 172 1537 696 1593; baseline -0.002 -9"><span class='ocrx_word' id='word_1_133' title='bbox 172 1537 248 1584; x_wconf 85' lang='lat' dir='ltr'>Troi&#39;a</span> <span class='ocrx_word' id='word_1_134' title='bbox 259 1537 353 1585; x_wconf 82' lang='lat' dir='ltr'>Criniso</span> <span class='ocrx_word' id='word_1_135' title='bbox 361 1539 503 1593; x_wconf 85' lang='lat' dir='ltr'>conceptum</span> <span class='ocrx_word' id='word_1_136' title='bbox 509 1537 608 1584; x_wconf 89' lang='lat' dir='ltr'>flumine</span> <span class='ocrx_word' id='word_1_137' title='bbox 618 1538 696 1583; x_wconf 90' lang='lat' dir='ltr'>mater</span> 
     </span>
    </p>

    <p class='ocr_par' dir='ltr' id='par_1_8' title="bbox 137 1604 847 1738">
     <span class='ocr_line' id='line_1_23' title="bbox 172 1604 847 1664; baseline -0.004 -11"><span class='ocrx_word' id='word_1_138' title='bbox 172 1607 342 1664; x_wconf 76' lang='lat' dir='ltr'>quemgenuit.</span> <span class='ocrx_word' id='word_1_139' title='bbox 363 1604 847 1661; x_wconf 83' lang='lat' dir='ltr'>Veterumnonimmemorillepsrentum</span> 
     </span>
     <span class='ocr_line' id='line_1_24' title="bbox 137 1673 690 1738; baseline -0.004 -15"><span class='ocrx_word' id='word_1_140' title='bbox 137 1699 165 1738; x_wconf 78' lang='lat'>⁴⁰</span> <span class='ocrx_word' id='word_1_141' title='bbox 172 1677 290 1732; x_wconf 84' lang='lat' dir='ltr'>gratatur</span> <span class='ocrx_word' id='word_1_142' title='bbox 298 1675 397 1722; x_wconf 83' lang='lat' dir='ltr'>reduces</span> <span class='ocrx_word' id='word_1_143' title='bbox 407 1676 433 1722; x_wconf 87' lang='lat' dir='ltr'>st</span> <span class='ocrx_word' id='word_1_144' title='bbox 441 1690 503 1732; x_wconf 82' lang='lat' dir='ltr'>gaza</span> <span class='ocrx_word' id='word_1_145' title='bbox 511 1674 589 1722; x_wconf 89' lang='lat' dir='ltr'>laetus</span> <span class='ocrx_word' id='word_1_146' title='bbox 599 1673 690 1730; x_wconf 78' lang='lat' dir='ltr'>agresti</span> 
     </span>
    </p>

    <p class='ocr_par' dir='ltr' id='par_1_9' title="bbox 172 1742 692 1801">
     <span class='ocr_line' id='line_1_25' title="bbox 172 1742 692 1801; baseline -0.006 -9"><span class='ocrx_word' id='word_1_147' title='bbox 172 1745 272 1801; x_wconf 87' lang='lat' dir='ltr'>excipit,</span> <span class='ocrx_word' id='word_1_148' title='bbox 283 1760 312 1791; x_wconf 89' lang='lat' dir='ltr'>ac</span> <span class='ocrx_word' id='word_1_149' title='bbox 320 1743 396 1790; x_wconf 81' lang='lat' dir='ltr'>fessos</span> <span class='ocrx_word' id='word_1_150' title='bbox 406 1743 490 1798; x_wconf 86' lang='lat' dir='ltr'>opibus</span> <span class='ocrx_word' id='word_1_151' title='bbox 501 1743 593 1790; x_wconf 82' lang='lat' dir='ltr'>solatur</span> <span class='ocrx_word' id='word_1_152' title='bbox 602 1742 692 1790; x_wconf 88' lang='lat' dir='ltr'>amicis.</span> 
     </span>
    </p>

    <p class='ocr_par' dir='ltr' id='par_1_10' title="bbox 172 1810 764 2005">
     <span class='ocr_line' id='line_1_26' title="bbox 203 1810 764 1876; baseline -0.002 -17"><span class='ocrx_word' id='word_1_153' title='bbox 203 1813 305 1860; x_wconf 78' lang='lat' dir='ltr'>Postera</span> <span class='ocrx_word' id='word_1_154' title='bbox 314 1828 369 1859; x_wconf 90' lang='lat' dir='ltr'>cum</span> <span class='ocrx_word' id='word_1_155' title='bbox 378 1811 457 1876; x_wconf 87' lang='lat' dir='ltr'>primo</span> <span class='ocrx_word' id='word_1_156' title='bbox 466 1811 548 1860; x_wconf 78' lang='lat' dir='ltr'>stelias</span> <span class='ocrx_word' id='word_1_157' title='bbox 557 1810 656 1858; x_wconf 86' lang='lat' dir='ltr'>Oriente</span> <span class='ocrx_word' id='word_1_158' title='bbox 665 1811 764 1869; x_wconf 81' lang='lat' dir='ltr'>iugarat</span> 
     </span>
     <span class='ocr_line' id='line_1_27' title="bbox 173 1879 728 1937; baseline -0.005 -8"><span class='ocrx_word' id='word_1_159' title='bbox 173 1881 242 1929; x_wconf 80' lang='lat' dir='ltr'>claro</span> <span class='ocrx_word' id='word_1_160' title='bbox 251 1881 310 1937; x_wconf 86' lang='lat' dir='ltr'>dies,</span> <span class='ocrx_word' id='word_1_161' title='bbox 320 1881 395 1928; x_wconf 88' lang='lat' dir='ltr'>socios</span> <span class='ocrx_word' id='word_1_162' title='bbox 405 1880 430 1927; x_wconf 92' lang='lat' dir='ltr'>in</span> <span class='ocrx_word' id='word_1_163' title='bbox 438 1882 532 1928; x_wconf 88' lang='lat' dir='ltr'>coetum</span> <span class='ocrx_word' id='word_1_164' title='bbox 541 1879 612 1926; x_wconf 83' lang='lat' dir='ltr'>litore</span> <span class='ocrx_word' id='word_1_165' title='bbox 621 1879 652 1926; x_wconf 87' lang='lat' dir='ltr'>ab</span> <span class='ocrx_word' id='word_1_166' title='bbox 662 1879 728 1926; x_wconf 92' lang='lat' dir='ltr'>omni</span> 
     </span>
     <span class='ocr_line' id='line_1_28' title="bbox 172 1947 751 2005; baseline -0.009 -7"><span class='ocrx_word' id='word_1_167' title='bbox 172 1951 277 1998; x_wconf 85' lang='lat' dir='ltr'>advocat</span> <span class='ocrx_word' id='word_1_168' title='bbox 286 1949 382 1996; x_wconf 88' lang='lat' dir='ltr'>Aeneas</span> <span class='ocrx_word' id='word_1_169' title='bbox 391 1949 524 2005; x_wconf 77' lang='lat' dir='ltr'>tumidique</span> <span class='ocrx_word' id='word_1_170' title='bbox 533 1963 564 1995; x_wconf 84' lang='lat' dir='ltr'>cx</span> <span class='ocrx_word' id='word_1_171' title='bbox 573 1961 660 2005; x_wconf 78' lang='lat' dir='ltr'>aggere</span> <span class='ocrx_word' id='word_1_172' title='bbox 670 1947 751 1994; x_wconf 81' lang='lat' dir='ltr'>fatur:</span> 
     </span>
    </p>

    <p class='ocr_par' dir='ltr' id='par_1_11' title="bbox 174 2013 847 2075">
     <span class='ocr_line' id='line_1_29' title="bbox 174 2013 847 2075; baseline -0.009 -11"><span class='ocrx_word' id='word_1_173' title='bbox 174 2019 181 2041; x_wconf 91' lang='lat'>‘</span> <span class='ocrx_word' id='word_1_174' title='bbox 191 2017 348 2064; x_wconf 78' lang='lat' dir='ltr'>Dardanidae</span> <span class='ocrx_word' id='word_1_175' title='bbox 358 2018 448 2075; x_wconf 85' lang='lat' dir='ltr'>magni,</span> <span class='ocrx_word' id='word_1_176' title='bbox 458 2032 535 2075; x_wconf 80' lang='lat' dir='ltr'>genus</span> <span class='ocrx_word' id='word_1_177' title='bbox 544 2016 596 2064; x_wconf 83' lang='lat' dir='ltr'>alto</span> <span class='ocrx_word' id='word_1_178' title='bbox 605 2031 621 2063; x_wconf 86' lang='lat' dir='ltr'>a</span> <span class='ocrx_word' id='word_1_179' title='bbox 630 2015 747 2071; x_wconf 85' lang='lat' dir='ltr'>sanguine</span> <span class='ocrx_word' id='word_1_180' title='bbox 756 2013 847 2069; x_wconf 88' lang='lat' dir='ltr'>divum,</span> 
     </span>
    </p>

    <p class='ocr_par' dir='ltr' id='par_1_12' title="bbox 171 2082 726 2142">
     <span class='ocr_line' id='line_1_30' title="bbox 171 2082 726 2142; baseline -0.014 -7"><span class='ocrx_word' id='word_1_181' title='bbox 171 2100 271 2135; x_wconf 84' lang='lat' dir='ltr'>annuns</span> <span class='ocrx_word' id='word_1_182' title='bbox 280 2085 371 2133; x_wconf 80' lang='lat' dir='ltr'>exactis</span> <span class='ocrx_word' id='word_1_183' title='bbox 381 2086 514 2142; x_wconf 83' lang='lat' dir='ltr'>completur</span> <span class='ocrx_word' id='word_1_184' title='bbox 522 2084 645 2133; x_wconf 89' lang='lat' dir='ltr'>mensibus</span> <span class='ocrx_word' id='word_1_185' title='bbox 655 2082 726 2138; x_wconf 88' lang='lat' dir='ltr'>orbis,</span> 
     </span>
    </p>

    <p class='ocr_par' dir='ltr' id='par_1_13' title="bbox 170 2150 691 2212">
     <span class='ocr_line' id='line_1_31' title="bbox 170 2150 691 2212; baseline -0.013 -9"><span class='ocrx_word' id='word_1_186' title='bbox 170 2170 204 2203; x_wconf 86' lang='lat' dir='ltr'>cx</span> <span class='ocrx_word' id='word_1_187' title='bbox 213 2170 262 2212; x_wconf 88' lang='lat' dir='ltr'>quo</span> <span class='ocrx_word' id='word_1_188' title='bbox 269 2154 382 2210; x_wconf 85' lang='lat' dir='ltr'>reliquias</span> <span class='ocrx_word' id='word_1_189' title='bbox 391 2154 511 2210; x_wconf 79' lang='lat' dir='ltr'>divinique</span> <span class='ocrx_word' id='word_1_190' title='bbox 520 2169 575 2202; x_wconf 89' lang='lat' dir='ltr'>ossa</span> <span class='ocrx_word' id='word_1_191' title='bbox 583 2150 691 2210; x_wconf 82' lang='lat' dir='ltr'>parentis</span> 
     </span>
    </p>

    <p class='ocr_par' dir='ltr' id='par_1_14' title="bbox 171 2219 792 2277">
     <span class='ocr_line' id='line_1_32' title="bbox 171 2219 792 2277; baseline -0.016 -6"><span class='ocrx_word' id='word_1_192' title='bbox 171 2223 325 2273; x_wconf 88' lang='lat' dir='ltr'>condidimus</span> <span class='ocrx_word' id='word_1_193' title='bbox 335 2223 402 2269; x_wconf 87' lang='lat' dir='ltr'>terra</span> <span class='ocrx_word' id='word_1_194' title='bbox 411 2224 561 2277; x_wconf 84' lang='lat' dir='ltr'>maestasque</span> <span class='ocrx_word' id='word_1_195' title='bbox 571 2219 718 2268; x_wconf 85' lang='lat' dir='ltr'>sacravimus</span> <span class='ocrx_word' id='word_1_196' title='bbox 728 2231 792 2262; x_wconf 87' lang='lat' dir='ltr'>aras.</span> 
     </span>
    </p>

    <p class='ocr_par' dir='ltr' id='par_1_15' title="bbox 173 2290 849 2418">
     <span class='ocr_line' id='line_1_33' title="bbox 173 2290 849 2350; baseline -0.018 -9"><span class='ocrx_word' id='word_1_197' title='bbox 173 2293 276 2349; x_wconf 80' lang='lat' dir='ltr'>Iamque</span> <span class='ocrx_word' id='word_1_198' title='bbox 289 2292 348 2350; x_wconf 87' lang='lat' dir='ltr'>dies,</span> <span class='ocrx_word' id='word_1_199' title='bbox 359 2291 406 2338; x_wconf 87' lang='lat' dir='ltr'>nisi</span> <span class='ocrx_word' id='word_1_200' title='bbox 418 2290 499 2347; x_wconf 82' lang='lat' dir='ltr'>fallor,</span> <span class='ocrx_word' id='word_1_201' title='bbox 510 2290 587 2346; x_wconf 82' lang='lat' dir='ltr'>adest,</span> <span class='ocrx_word' id='word_1_202' title='bbox 598 2303 668 2343; x_wconf 88' lang='lat' dir='ltr'>quem</span> <span class='ocrx_word' id='word_1_203' title='bbox 682 2301 775 2341; x_wconf 89' lang='lat' dir='ltr'>semper</span> <span class='ocrx_word' id='word_1_204' title='bbox 784 2300 849 2330; x_wconf 88' lang='lat' dir='ltr'>acer·</span> 
     </span>
     <span class='ocr_line' id='line_1_34' title="bbox 232 2361 299 2418; baseline 0 -10"><span class='ocrx_word' id='word_1_205' title='bbox 232 2361 299 2418; x_wconf 88' lang='lat' dir='ltr'>bum,</span> 
     </span>
    </p>

    <p class='ocr_par' dir='ltr' id='par_1_16' title="bbox 139 2421 751 2485">
     <span class='ocr_line' id='line_1_35' title="bbox 139 2421 751 2485; baseline -0.016 -7"><span class='ocrx_word' id='word_1_206' title='bbox 139 2446 164 2483; x_wconf 81' lang='lat' dir='ltr'>so</span> <span class='ocrx_word' id='word_1_207' title='bbox 174 2444 272 2485; x_wconf 87' lang='lat' dir='ltr'>semper</span> <span class='ocrx_word' id='word_1_208' title='bbox 280 2429 425 2476; x_wconf 87' lang='lat' dir='ltr'>honoratum</span> <span class='ocrx_word' id='word_1_209' title='bbox 436 2426 479 2484; x_wconf 92' lang='lat' dir='ltr'>(sic</span> <span class='ocrx_word' id='word_1_210' title='bbox 489 2426 514 2472; x_wconf 95' lang='lat' dir='ltr'>di</span> <span class='ocrx_word' id='word_1_211' title='bbox 523 2423 642 2479; x_wconf 82' lang='lat' dir='ltr'>voluistis)</span> <span class='ocrx_word' id='word_1_212' title='bbox 652 2421 751 2468; x_wconf 88' lang='lat' dir='ltr'>habebo.</span> 
     </span>
    </p>

    <p class='ocr_par' dir='ltr' id='par_1_17' title="bbox 224 2497 295 2546">
     <span class='ocr_line' id='line_1_36' title="bbox 224 2497 295 2546; baseline -0.014 -10"><span class='ocrx_word' id='word_1_213' title='bbox 224 2499 233 2546; x_wconf 93' lang='lat'>(</span> <span class='ocrx_word' id='word_1_214' title='bbox 242 2511 276 2536; x_wconf 84' lang='lat'>211</span> <span class='ocrx_word' id='word_1_215' title='bbox 286 2497 295 2546; x_wconf 95' lang='lat'>)</span> 
     </span>
    </p>
   </div>
   <div class='ocr_carea' id='block_1_3' title="bbox 0 0 997 3164">
    <p class='ocr_par' dir='ltr' id='par_1_18' title="bbox 0 0 997 3164">
     <span class='ocr_line' id='line_1_37' title="bbox 0 0 997 3164; baseline 0 0"><span class='ocrx_word' id='word_1_216' title='bbox 0 0 997 3164; x_wconf 95' lang='lat' dir='ltr'> </span> 
     </span>
    </p>
   </div>
  </div>
 </body>
</html>
