1972 3164
378 169 402 208 P.
414 168 534 210 VERGILI
547 168 675 210 MARONIS

188 265 294 314 ostendit
304 265 472 323 (nequeenim,
482 267 563 323 oredo,
573 267 625 313 sine
633 265 733 315 numine
742 266 827 316 divum

189 333 291 381 flumine
299 335 372 381 tantu
380 348 451 390 paras
461 333 617 391 Stygiamque
626 333 712 381 inuare
721 334 854 395 paludem),

141 419 179 456 370
189 402 222 450 ds
231 402 342 450 dextram
352 402 439 450 misero
448 403 473 449 et
482 403 563 449 tecum
572 417 611 448 me
621 401 680 449 tolle
689 417 734 458 per
742 403 831 463 undas,

188 470 286 518 sedibus
295 472 324 517 ut
334 471 420 519 saitem
427 469 526 527 placidis
535 469 562 516 in
571 470 649 517 morte
658 470 798 526 quiescam)

186 538 260 585 Tulin
268 539 335 585 fetus
345 541 406 595 eret,
418 538 496 594 coepit
506 554 561 586 cum
570 537 631 585 teliu
639 539 723 586 vates=

189 606 196 629 ‘
208 606 279 654 Unde
288 606 356 664 hoec,
366 621 381 653 o
391 606 514 663 Palinure,
524 606 570 653 tibi
578 607 630 653 tum
640 606 694 653 dire
703 605 808 663 cupido?

188 675 218 721 tu
228 674 326 732 Stygius
336 674 479 721 inhumatus
489 690 564 730 equas
573 689 717 730 amnemque
726 689 838 722 severum

188 741 351 788 Eumenidum
361 742 470 800 aspicies,
481 743 590 798 ripamve
599 743 704 790 iniussus
717 742 810 790 adibis?

188 810 278 858 Desine
288 810 423 857 sotadeum
433 810 498 858 flecti
507 826 604 866 sperare
614 810 743 867 precando.

189 878 238 926 Sed
247 894 305 934 cape
316 879 381 926 dictu
390 893 491 936 memor,
502 879 558 926 duri
565 879 653 926 solatio
662 893 741 926 cesus.

189 946 254 993 Nam
264 948 308 993 tue
317 946 422 1003 finitimi,
433 947 503 1003 longe
512 947 609 1003 lateque
618 962 662 1003 per
670 946 744 994 urbes

189 1014 303 1072 prodigiis
313 1015 363 1062 ucti
373 1014 524 1073 caelestibus,
535 1031 590 1063 osse
599 1015 711 1072 piabunt,

142 1090 179 1139 380
190 1085 215 1131 et
225 1083 336 1131 statuent
345 1083 468 1130 tumulum
478 1085 503 1130 et
512 1083 608 1130 tumulo
619 1081 745 1130 sollemnia
755 1081 866 1142 mittent,

190 1154 362 1208 aeternumque
372 1152 437 1199 locus
449 1152 558 1199 Palinuri
567 1167 654 1198 nomen
663 1150 781 1199 habebit!

190 1220 237 1268 His
247 1220 317 1268 dictis
327 1235 399 1268 curuo
409 1222 502 1267 emotae
510 1220 639 1276 pulsusque
649 1234 781 1276 parumper

190 1289 261 1336 corde
270 1288 337 1336 dolor
346 1288 414 1336 tristi
423 1307 430 1346 ;
448 1288 538 1347 gaudet
547 1288 688 1345 cognomine
697 1289 787 1335 terroe.

218 1357 285 1414 Ergo
307 1357 356 1405 iter
378 1357 502 1412 inceptum
525 1357 646 1413 peragunt
669 1355 789 1413 fluvioque
813 1367 868 1411 pro·

246 1426 365 1482 pinquant
376 1447 382 1474 ε

189 1493 275 1541 navita
283 1510 342 1550 quos
351 1494 400 1541 iem
410 1493 466 1541 inde
475 1495 505 1541 ut
515 1492 601 1550 Stygia
611 1491 736 1549 prospexit
745 1490 777 1538 ab
787 1491 855 1539 unde

190 1577 235 1618 per
243 1561 347 1610 tacitum
356 1577 441 1610 nemus
450 1561 486 1609 ire
495 1562 626 1618 pedemque
636 1560 763 1608 advertere
772 1559 850 1617 ripae,

191 1630 226 1678 sic
235 1631 302 1686 prior
311 1631 454 1687 aggreditur
463 1629 533 1677 dictis
544 1630 616 1685 utque
625 1629 736 1683 increpet
745 1627 827 1676 ultro:

192 1696 318 1754 ‘Quisquis
328 1713 362 1755 es,
373 1700 482 1745 armatus
490 1697 531 1753 qui
539 1699 624 1744 nostra
633 1696 772 1743 odflumiuu
778 1694 867 1752 tendis,

191 1765 245 1812 iere
264 1781 316 1823 ege,
337 1767 395 1822 quid
413 1766 504 1824 venius,
523 1765 572 1813 iam
591 1765 671 1822 istinc,
691 1766 717 1812 et
737 1763 869 1820 comprime

246 1848 364 1890 gressum.

143 1919 181 1960 390
191 1901 341 1948 Umbrarum
350 1901 390 1948 hic
399 1901 465 1949 locus
475 1904 521 1960 est,
530 1901 607 1949 somni
616 1900 740 1956 noctisque
750 1915 853 1957 soporae
861 1919 868 1958 ;

191 1984 292 2025 corpore
300 1970 356 2017 rive
365 1970 435 2017 nefas
446 1971 532 2027 Stygio
541 1972 638 2018 vectare
648 1969 738 2016 cerina.

190 2039 243 2087 Nec
252 2053 309 2086 vero
317 2039 419 2086 Alciden
428 2055 467 2086 me
477 2055 531 2086 sum
540 2039 646 2085 laetatus
656 2038 755 2084 euntem

190 2107 308 2163 accepisse
317 2107 374 2154 lecu
383 2122 427 2155 nec
437 2107 531 2154 Theseo
539 2106 730 2162 Pirithoumque,

189 2175 227 2222 dis
237 2191 381 2232 quemquem
390 2175 467 2231 geniti
476 2176 548 2231 utqire
558 2173 642 2220 invicti
651 2173 743 2220 viribus
753 2175 845 2224 essent.

192 2244 337 2291 Tartareum
346 2244 386 2290 ille
396 2259 470 2289 manu
480 2243 603 2290 custodem
612 2242 639 2287 iu
648 2241 729 2288 vincla
737 2243 827 2297 petivit

190 2311 265 2367 ipsius
275 2329 291 2360 u
301 2312 359 2359 solio
371 2311 442 2368 regis,
453 2311 576 2366 traxitque
586 2311 745 2366 trementem3

190 2379 217 2426 hi
226 2380 347 2429 dominum
357 2379 422 2426 Ditis
432 2379 540 2426 thalamo
550 2377 666 2424 deducere
675 2375 772 2423 adorti!

330 2466 365 2499 883.
387 2462 459 2498 ‘terre’
466 2462 544 2498 Servius
550 2462 571 2497 et
578 2461 621 2496 edd.
628 2460 723 2503 plerique

238 2517 249 2566 (
256 2515 308 2563 2⁵0)
