<?xml version="1.0" encoding="UTF-8"?>
<!DOCTYPE html PUBLIC "-//W3C//DTD XHTML 1.0 Transitional//EN"
    "http://www.w3.org/TR/xhtml1/DTD/xhtml1-transitional.dtd">
<html xmlns="http://www.w3.org/1999/xhtml" xml:lang="en" lang="en">
 <head>
  <title>
</title>
<meta http-equiv="Content-Type" content="text/html;charset=utf-8" />
  <meta name='ocr-system' content='tesseract 3.04.00' />
  <meta name='ocr-capabilities' content='ocr_page ocr_carea ocr_par ocr_line ocrx_word'/>
</head>
<body>
  <div class='ocr_page' id='page_1' title='image "./pvergilimaronis07virggoog/pvergilimaronis07virggoog_0076.png"; bbox 0 0 1972 3164; ppageno 0'>
   <div class='ocr_carea' id='block_1_1' title="bbox 292 178 489 219">
    <p class='ocr_par' dir='ltr' id='par_1_1' title="bbox 292 178 489 219">
     <span class='ocr_line' id='line_1_1' title="bbox 292 178 489 219; baseline 0.005 -1"><span class='ocrx_word' id='word_1_1' title='bbox 292 178 441 219; x_wconf 78' lang='lat' dir='ltr'><strong>GEORGIOA.</strong></span> <span class='ocrx_word' id='word_1_2' title='bbox 466 181 489 219; x_wconf 93' lang='lat'>11</span> 
     </span>
    </p>
   </div>
   <div class='ocr_carea' id='block_1_2' title="bbox 9 274 732 2453">
    <p class='ocr_par' dir='ltr' id='par_1_2' title="bbox 53 274 674 400">
     <span class='ocr_line' id='line_1_2' title="bbox 53 274 674 336; baseline 0 -10"><span class='ocrx_word' id='word_1_3' title='bbox 53 275 195 326; x_wconf 83' lang='lat' dir='ltr'>crediderim</span> <span class='ocrx_word' id='word_1_4' title='bbox 205 295 211 324; x_wconf 76' lang='grc' dir='ltr'>ι</span> <span class='ocrx_word' id='word_1_5' title='bbox 224 290 268 324; x_wconf 84' lang='lat' dir='ltr'>ver</span> <span class='ocrx_word' id='word_1_6' title='bbox 277 274 337 323; x_wconf 87' lang='lat' dir='ltr'>illud</span> <span class='ocrx_word' id='word_1_7' title='bbox 346 277 408 334; x_wconf 83' lang='lat' dir='ltr'>eret,</span> <span class='ocrx_word' id='word_1_8' title='bbox 418 291 462 324; x_wconf 84' lang='lat' dir='ltr'>ver</span> <span class='ocrx_word' id='word_1_9' title='bbox 475 291 577 334; x_wconf 74' lang='lat' dir='ltr'>mugnus</span> <span class='ocrx_word' id='word_1_10' title='bbox 587 277 674 336; x_wconf 72' lang='lat' dir='ltr'>egebat</span> 
     </span>
     <span class='ocr_line' id='line_1_3' title="bbox 53 344 608 405; baseline -0.002 -10"><span class='ocrx_word' id='word_1_11' title='bbox 53 347 127 403; x_wconf 90' lang='lat' dir='ltr'>orbis,</span> <span class='ocrx_word' id='word_1_12' title='bbox 136 347 163 393; x_wconf 87' lang='lat' dir='ltr'>et</span> <span class='ocrx_word' id='word_1_13' title='bbox 172 344 279 392; x_wconf 86' lang='lat' dir='ltr'>hibernis</span> <span class='ocrx_word' id='word_1_14' title='bbox 289 345 421 400; x_wconf 77' lang='lat' dir='ltr'><strong>parcebant</strong></span> <span class='ocrx_word' id='word_1_15' title='bbox 410 346 529 394; x_wconf 81' lang='lat' dir='ltr'>tflutibus</span> <span class='ocrx_word' id='word_1_16' title='bbox 540 347 608 405; x_wconf 84' lang='lat' dir='ltr'>Euri,</span> 
     </span>
    </p>

    <p class='ocr_par' dir='ltr' id='par_1_3' title="bbox 9 414 680 815">
     <span class='ocr_line' id='line_1_4' title="bbox 9 414 668 496; baseline -0.002 -32"><span class='ocrx_word' id='word_1_17' title='bbox 9 437 43 473; x_wconf 80' lang='lat'>340</span> <span class='ocrx_word' id='word_1_18' title='bbox 29 431 110 464; x_wconf 86' lang='lat' dir='ltr'>ocum</span> <span class='ocrx_word' id='word_1_19' title='bbox 120 415 212 472; x_wconf 80' lang='lat' dir='ltr'>primae</span> <span class='ocrx_word' id='word_1_20' title='bbox 221 414 299 462; x_wconf 81' lang='lat' dir='ltr'>lucem</span> <span class='ocrx_word' id='word_1_21' title='bbox 310 415 413 470; x_wconf 81' lang='lat' dir='ltr'>pecudes</span> <span class='ocrx_word' id='word_1_22' title='bbox 422 415 532 472; x_wconf 76' lang='lat' dir='ltr'>hausere,</span> <span class='ocrx_word' id='word_1_23' title='bbox 543 415 668 496; x_wconf 77' lang='lat' dir='ltr'>virumque</span> 
     </span>
     <span class='ocr_line' id='line_1_5' title="bbox 54 483 611 541; baseline -0.004 -9"><span class='ocrx_word' id='word_1_24' title='bbox 54 485 135 533; x_wconf 80' lang='lat' dir='ltr'>ferree</span> <span class='ocrx_word' id='word_1_25' title='bbox 144 483 269 540; x_wconf 74' lang='lat' dir='ltr'>progenies</span> <span class='ocrx_word' id='word_1_26' title='bbox 279 483 346 530; x_wconf 87' lang='lat' dir='ltr'>duris</span> <span class='ocrx_word' id='word_1_27' title='bbox 356 484 430 539; x_wconf 81' lang='lat' dir='ltr'>ceput</span> <span class='ocrx_word' id='word_1_28' title='bbox 439 484 528 531; x_wconf 87' lang='lat' dir='ltr'>extulit</span> <span class='ocrx_word' id='word_1_29' title='bbox 538 485 611 541; x_wconf 82' lang='lat' dir='ltr'>ervis,</span> 
     </span>
     <span class='ocr_line' id='line_1_6' title="bbox 54 551 580 608; baseline 0 -8"><span class='ocrx_word' id='word_1_30' title='bbox 54 553 221 608; x_wconf 79' lang='lat' dir='ltr'>immissseque</span> <span class='ocrx_word' id='word_1_31' title='bbox 230 551 297 600; x_wconf 81' lang='lat' dir='ltr'>ferse</span> <span class='ocrx_word' id='word_1_32' title='bbox 307 553 373 599; x_wconf 85' lang='lat' dir='ltr'>silvis</span> <span class='ocrx_word' id='word_1_33' title='bbox 382 554 408 600; x_wconf 88' lang='lat' dir='ltr'>et</span> <span class='ocrx_word' id='word_1_34' title='bbox 417 553 497 600; x_wconf 81' lang='lat' dir='ltr'>sidere</span> <span class='ocrx_word' id='word_1_35' title='bbox 506 553 580 601; x_wconf 82' lang='lat' dir='ltr'>eeelo</span> 
     </span>
     <span class='ocr_line' id='line_1_7' title="bbox 56 620 688 682; baseline 0.002 -13"><span class='ocrx_word' id='word_1_36' title='bbox 56 621 109 669; x_wconf 82' lang='lat' dir='ltr'>Nee</span> <span class='ocrx_word' id='word_1_37' title='bbox 118 636 157 669; x_wconf 86' lang='lat' dir='ltr'>res</span> <span class='ocrx_word' id='word_1_38' title='bbox 167 620 232 668; x_wconf 87' lang='lat' dir='ltr'>hune</span> <span class='ocrx_word' id='word_1_39' title='bbox 241 622 339 671; x_wconf 79' lang='lat' dir='ltr'>tenerae</span> <span class='ocrx_word' id='word_1_40' title='bbox 348 623 447 677; x_wconf 76' lang='lat' dir='ltr'><strong>possent</strong></span> <span class='ocrx_word' id='word_1_41' title='bbox 456 622 565 677; x_wconf 81' lang='lat' dir='ltr'>perferre</span> <span class='ocrx_word' id='word_1_42' title='bbox 574 621 688 682; x_wconf 74' lang='lat' dir='ltr'>laborem,</span> 
     </span>
     <span class='ocr_line' id='line_1_8' title="bbox 55 689 643 748; baseline 0.003 -11"><span class='ocrx_word' id='word_1_43' title='bbox 55 690 77 737; x_wconf 91' lang='lat' dir='ltr'>si</span> <span class='ocrx_word' id='word_1_44' title='bbox 86 705 136 736; x_wconf 91' lang='lat' dir='ltr'>non</span> <span class='ocrx_word' id='word_1_45' title='bbox 144 690 217 736; x_wconf 76' lang='lat' dir='ltr'>tants</span> <span class='ocrx_word' id='word_1_46' title='bbox 225 689 292 744; x_wconf 88' lang='lat' dir='ltr'>quies</span> <span class='ocrx_word' id='word_1_47' title='bbox 301 689 348 736; x_wconf 88' lang='lat' dir='ltr'>iret</span> <span class='ocrx_word' id='word_1_48' title='bbox 357 689 483 748; x_wconf 74' lang='lat' dir='ltr'>frigusque</span> <span class='ocrx_word' id='word_1_49' title='bbox 493 690 643 748; x_wconf 77' lang='lat' dir='ltr'>celeremque</span> 
     </span>
     <span class='ocr_line' id='line_1_9' title="bbox 55 757 616 815; baseline 0.005 -10"><span class='ocrx_word' id='word_1_50' title='bbox 55 758 128 815; x_wconf 82' lang='lat' dir='ltr'>inter,</span> <span class='ocrx_word' id='word_1_51' title='bbox 138 759 163 805; x_wconf 90' lang='lat' dir='ltr'>et</span> <span class='ocrx_word' id='word_1_52' title='bbox 172 757 293 813; x_wconf 77' lang='lat' dir='ltr'>exciperet</span> <span class='ocrx_word' id='word_1_53' title='bbox 303 757 363 806; x_wconf 76' lang='lat' dir='ltr'>eseli</span> <span class='ocrx_word' id='word_1_54' title='bbox 371 758 523 814; x_wconf 73' lang='lat' dir='ltr'>indulgentie</span> <span class='ocrx_word' id='word_1_55' title='bbox 529 760 616 808; x_wconf 74' lang='lat' dir='ltr'>terras.</span> 
     </span>
    </p>

    <p class='ocr_par' dir='ltr' id='par_1_4' title="bbox 56 826 732 1226">
     <span class='ocr_line' id='line_1_10' title="bbox 85 826 732 885; baseline 0.003 -12"><span class='ocrx_word' id='word_1_56' title='bbox 85 826 154 883; x_wconf 81' lang='lat' dir='ltr'>Quod</span> <span class='ocrx_word' id='word_1_57' title='bbox 164 827 282 883; x_wconf 84' lang='lat' dir='ltr'>superest,</span> <span class='ocrx_word' id='word_1_58' title='bbox 293 841 454 882; x_wconf 77' lang='lat' dir='ltr'>quaecumque</span> <span class='ocrx_word' id='word_1_59' title='bbox 467 842 560 882; x_wconf 79' lang='lat' dir='ltr'>premes</span> <span class='ocrx_word' id='word_1_60' title='bbox 570 828 678 885; x_wconf 69' lang='lat' dir='ltr'>virgulta</span> <span class='ocrx_word' id='word_1_61' title='bbox 687 844 732 884; x_wconf 88' lang='lat' dir='ltr'>per</span> 
     </span>
     <span class='ocr_line' id='line_1_11' title="bbox 56 962 711 1023; baseline 0.003 -12"><span class='ocrx_word' id='word_1_62' title='bbox 56 978 144 1020; x_wconf 69' lang='lat' dir='ltr'>sparge</span> <span class='ocrx_word' id='word_1_63' title='bbox 153 962 211 1010; x_wconf 88' lang='lat' dir='ltr'>fimo</span> <span class='ocrx_word' id='word_1_64' title='bbox 219 962 311 1020; x_wconf 75' lang='lat' dir='ltr'>pingui,</span> <span class='ocrx_word' id='word_1_65' title='bbox 322 964 347 1010; x_wconf 89' lang='lat' dir='ltr'>et</span> <span class='ocrx_word' id='word_1_66' title='bbox 356 962 435 1010; x_wconf 79' lang='lat' dir='ltr'>multe</span> <span class='ocrx_word' id='word_1_67' title='bbox 444 978 537 1011; x_wconf 87' lang='lat' dir='ltr'>memor</span> <span class='ocrx_word' id='word_1_68' title='bbox 545 965 626 1013; x_wconf 86' lang='lat' dir='ltr'>oeenle</span> <span class='ocrx_word' id='word_1_69' title='bbox 635 967 711 1023; x_wconf 77' lang='lat' dir='ltr'>terre,</span> 
     </span>
     <span class='ocr_line' id='line_1_12' title="bbox 56 1030 732 1088; baseline 0.003 -10"><span class='ocrx_word' id='word_1_70' title='bbox 56 1033 101 1079; x_wconf 86' lang='lat' dir='ltr'>snt</span> <span class='ocrx_word' id='word_1_71' title='bbox 119 1031 223 1088; x_wconf 75' lang='lat' dir='ltr'>lapidem</span> <span class='ocrx_word' id='word_1_72' title='bbox 242 1030 351 1078; x_wconf 87' lang='lat' dir='ltr'>bibulum</span> <span class='ocrx_word' id='word_1_73' title='bbox 366 1033 409 1078; x_wconf 80' lang='lat' dir='ltr'>eut</span> <span class='ocrx_word' id='word_1_74' title='bbox 429 1032 564 1088; x_wconf 74' lang='lat' dir='ltr'>squalentes</span> <span class='ocrx_word' id='word_1_75' title='bbox 581 1034 662 1082; x_wconf 85' lang='lat' dir='ltr'>infode</span> <span class='ocrx_word' id='word_1_76' title='bbox 677 1049 732 1081; x_wconf 88' lang='lat' dir='ltr'>eon-</span> 
     </span>
     <span class='ocr_line' id='line_1_13' title="bbox 56 1168 651 1226; baseline 0.005 -11"><span class='ocrx_word' id='word_1_77' title='bbox 56 1170 123 1216; x_wconf 90' lang='lat' dir='ltr'>inter</span> <span class='ocrx_word' id='word_1_78' title='bbox 132 1169 196 1216; x_wconf 88' lang='lat' dir='ltr'>enim</span> <span class='ocrx_word' id='word_1_79' title='bbox 204 1168 319 1216; x_wconf 74' lang='lat' dir='ltr'>labentur</span> <span class='ocrx_word' id='word_1_80' title='bbox 328 1184 413 1226; x_wconf 78' lang='lat' dir='ltr'>eques,</span> <span class='ocrx_word' id='word_1_81' title='bbox 424 1170 552 1226; x_wconf 87' lang='lat' dir='ltr'>tenuisque</span> <span class='ocrx_word' id='word_1_82' title='bbox 562 1171 651 1218; x_wconf 89' lang='lat' dir='ltr'>subibit</span> 
     </span>
    </p>

    <p class='ocr_par' dir='ltr' id='par_1_5' title="bbox 10 1237 732 1492">
     <span class='ocr_line' id='line_1_14' title="bbox 10 1237 732 1297; baseline -0.001 -11"><span class='ocrx_word' id='word_1_83' title='bbox 10 1258 47 1296; x_wconf 79' lang='lat'>3⁵0</span> <span class='ocrx_word' id='word_1_84' title='bbox 56 1237 335 1294; x_wconf 68' lang='lat' dir='ltr'>halitus,atq1reanimos</span> <span class='ocrx_word' id='word_1_85' title='bbox 342 1237 430 1284; x_wconf 86' lang='lat' dir='ltr'>tollent</span> <span class='ocrx_word' id='word_1_86' title='bbox 438 1239 501 1285; x_wconf 81' lang='lat' dir='ltr'>sats.</span> <span class='ocrx_word' id='word_1_87' title='bbox 526 1239 626 1294; x_wconf 79' lang='lat' dir='ltr'>Iamque</span> <span class='ocrx_word' id='word_1_88' title='bbox 633 1239 732 1297; x_wconf 85' lang='lat' dir='ltr'>reperti,</span> 
     </span>
     <span class='ocr_line' id='line_1_15' title="bbox 57 1305 649 1384; baseline 0 -30"><span class='ocrx_word' id='word_1_89' title='bbox 57 1307 99 1364; x_wconf 88' lang='lat' dir='ltr'>qui</span> <span class='ocrx_word' id='word_1_90' title='bbox 108 1321 167 1354; x_wconf 82' lang='lat' dir='ltr'>sexo</span> <span class='ocrx_word' id='word_1_91' title='bbox 175 1321 248 1362; x_wconf 88' lang='lat' dir='ltr'>snper</span> <span class='ocrx_word' id='word_1_92' title='bbox 256 1307 329 1362; x_wconf 72' lang='lat' dir='ltr'>atque</span> <span class='ocrx_word' id='word_1_93' title='bbox 339 1305 446 1384; x_wconf 72' lang='lat' dir='ltr'>ingentis</span> <span class='ocrx_word' id='word_1_94' title='bbox 455 1306 561 1363; x_wconf 87' lang='lat' dir='ltr'>pondere</span> <span class='ocrx_word' id='word_1_95' title='bbox 570 1308 649 1374; x_wconf 73' lang='lat' dir='ltr'>testae</span> 
     </span>
     <span class='ocr_line' id='line_1_16' title="bbox 56 1359 729 1433; baseline 0 -11"><span class='ocrx_word' id='word_1_96' title='bbox 56 1376 190 1433; x_wconf 73' lang='lat' dir='ltr'>urgerent·</span> <span class='ocrx_word' id='word_1_97' title='bbox 163 1374 250 1422; x_wconf 66' lang='lat' dir='ltr'>thoe</span> <span class='ocrx_word' id='word_1_98' title='bbox 259 1374 348 1422; x_wconf 87' lang='lat' dir='ltr'>effusos</span> <span class='ocrx_word' id='word_1_99' title='bbox 358 1375 482 1421; x_wconf 89' lang='lat' dir='ltr'>munimen</span> <span class='ocrx_word' id='word_1_100' title='bbox 492 1375 524 1420; x_wconf 85' lang='lat' dir='ltr'>ad</span> <span class='ocrx_word' id='word_1_101' title='bbox 533 1359 729 1432; x_wconf 73' lang='lat' dir='ltr'>imbres„</span> 
     </span>
     <span class='ocr_line' id='line_1_17' title="bbox 56 1442 652 1501; baseline -0.002 -9"><span class='ocrx_word' id='word_1_102' title='bbox 56 1445 112 1501; x_wconf 84' lang='lat' dir='ltr'>hoe,</span> <span class='ocrx_word' id='word_1_103' title='bbox 122 1442 164 1491; x_wconf 91' lang='lat' dir='ltr'>ubi</span> <span class='ocrx_word' id='word_1_104' title='bbox 172 1443 253 1490; x_wconf 82' lang='lat' dir='ltr'>hiules</span> <span class='ocrx_word' id='word_1_105' title='bbox 262 1442 303 1490; x_wconf 91' lang='lat' dir='ltr'>siti</span> <span class='ocrx_word' id='word_1_106' title='bbox 312 1443 383 1489; x_wconf 85' lang='lat' dir='ltr'>findit</span> <span class='ocrx_word' id='word_1_107' title='bbox 394 1442 466 1490; x_wconf 73' lang='lat' dir='ltr'>(lenis</span> <span class='ocrx_word' id='word_1_108' title='bbox 476 1442 576 1490; x_wconf 79' lang='lat' dir='ltr'>aestifer</span> <span class='ocrx_word' id='word_1_109' title='bbox 586 1458 652 1491; x_wconf 79' lang='lat' dir='ltr'>srva.</span> 
     </span>
    </p>

    <p class='ocr_par' dir='ltr' id='par_1_6' title="bbox 57 1510 709 1913">
     <span class='ocr_line' id='line_1_18' title="bbox 86 1510 709 1568; baseline -0.002 -8"><span class='ocrx_word' id='word_1_110' title='bbox 86 1511 221 1560; x_wconf 85' lang='lat' dir='ltr'>Seminibus</span> <span class='ocrx_word' id='word_1_111' title='bbox 231 1511 315 1568; x_wconf 83' lang='lat' dir='ltr'>positis</span> <span class='ocrx_word' id='word_1_112' title='bbox 325 1512 437 1566; x_wconf 87' lang='lat' dir='ltr'>superest</span> <span class='ocrx_word' id='word_1_113' title='bbox 446 1510 559 1559; x_wconf 78' lang='lat' dir='ltr'>diducere</span> <span class='ocrx_word' id='word_1_114' title='bbox 568 1514 660 1559; x_wconf 74' lang='lat' dir='ltr'>terrem</span> <span class='ocrx_word' id='word_1_115' title='bbox 707 1512 709 1516; x_wconf 83' lang='lat'>&#39;</span> 
     </span>
     <span class='ocr_line' id='line_1_19' title="bbox 57 1579 628 1638; baseline 0 -10"><span class='ocrx_word' id='word_1_116' title='bbox 57 1581 155 1637; x_wconf 72' lang='lat' dir='ltr'>saepius</span> <span class='ocrx_word' id='word_1_117' title='bbox 164 1580 195 1628; x_wconf 84' lang='lat' dir='ltr'>sd</span> <span class='ocrx_word' id='word_1_118' title='bbox 205 1580 286 1636; x_wconf 78' lang='lat' dir='ltr'>eapite</span> <span class='ocrx_word' id='word_1_119' title='bbox 295 1581 320 1627; x_wconf 91' lang='lat' dir='ltr'>et</span> <span class='ocrx_word' id='word_1_120' title='bbox 327 1579 400 1626; x_wconf 88' lang='lat' dir='ltr'>duros</span> <span class='ocrx_word' id='word_1_121' title='bbox 410 1579 500 1627; x_wconf 80' lang='lat' dir='ltr'>isetnre</span> <span class='ocrx_word' id='word_1_122' title='bbox 510 1579 628 1638; x_wconf 88' lang='lat' dir='ltr'>bidentes,</span> 
     </span>
     <span class='ocr_line' id='line_1_20' title="bbox 57 1647 659 1706; baseline 0 -9"><span class='ocrx_word' id='word_1_123' title='bbox 57 1651 103 1698; x_wconf 80' lang='lat' dir='ltr'>eut</span> <span class='ocrx_word' id='word_1_124' title='bbox 113 1664 195 1706; x_wconf 85' lang='lat' dir='ltr'>presso</span> <span class='ocrx_word' id='word_1_125' title='bbox 204 1663 313 1696; x_wconf 86' lang='lat' dir='ltr'>exereere</span> <span class='ocrx_word' id='word_1_126' title='bbox 324 1647 401 1695; x_wconf 90' lang='lat' dir='ltr'>selum</span> <span class='ocrx_word' id='word_1_127' title='bbox 411 1649 457 1695; x_wconf 89' lang='lat' dir='ltr'>sub</span> <span class='ocrx_word' id='word_1_128' title='bbox 466 1663 562 1697; x_wconf 79' lang='lat' dir='ltr'>vomere</span> <span class='ocrx_word' id='word_1_129' title='bbox 572 1651 597 1696; x_wconf 89' lang='lat' dir='ltr'>et</span> <span class='ocrx_word' id='word_1_130' title='bbox 606 1649 659 1706; x_wconf 77' lang='lat' dir='ltr'>ipss</span> 
     </span>
     <span class='ocr_line' id='line_1_21' title="bbox 58 1716 586 1775; baseline -0.004 -8"><span class='ocrx_word' id='word_1_131' title='bbox 58 1719 156 1767; x_wconf 83' lang='lat' dir='ltr'>flectere</span> <span class='ocrx_word' id='word_1_132' title='bbox 165 1717 286 1765; x_wconf 75' lang='lat' dir='ltr'>laetantes</span> <span class='ocrx_word' id='word_1_133' title='bbox 295 1717 360 1763; x_wconf 90' lang='lat' dir='ltr'>inter</span> <span class='ocrx_word' id='word_1_134' title='bbox 368 1716 451 1764; x_wconf 75' lang='lat' dir='ltr'>vineta</span> <span class='ocrx_word' id='word_1_135' title='bbox 460 1716 572 1765; x_wconf 83' lang='lat' dir='ltr'>iuveneos</span> <span class='ocrx_word' id='word_1_136' title='bbox 580 1737 586 1775; x_wconf 77' lang='grc' dir='ltr'><strong>ς</strong></span> 
     </span>
     <span class='ocr_line' id='line_1_22' title="bbox 57 1785 616 1844; baseline -0.004 -10"><span class='ocrx_word' id='word_1_137' title='bbox 57 1789 113 1834; x_wconf 87' lang='lat' dir='ltr'>tum</span> <span class='ocrx_word' id='word_1_138' title='bbox 122 1785 187 1834; x_wconf 87' lang='lat' dir='ltr'>leves</span> <span class='ocrx_word' id='word_1_139' title='bbox 197 1785 300 1833; x_wconf 76' lang='lat' dir='ltr'>eulumos</span> <span class='ocrx_word' id='word_1_140' title='bbox 310 1787 336 1833; x_wconf 88' lang='lat' dir='ltr'>et</span> <span class='ocrx_word' id='word_1_141' title='bbox 345 1800 416 1832; x_wconf 82' lang='lat' dir='ltr'>resae</span> <span class='ocrx_word' id='word_1_142' title='bbox 425 1785 524 1833; x_wconf 76' lang='lat' dir='ltr'>hastilis</span> <span class='ocrx_word' id='word_1_143' title='bbox 533 1786 616 1844; x_wconf 76' lang='lat' dir='ltr'>virgae</span> 
     </span>
     <span class='ocr_line' id='line_1_23' title="bbox 57 1853 667 1913; baseline -0.002 -10"><span class='ocrx_word' id='word_1_144' title='bbox 57 1854 228 1910; x_wconf 72' lang='lat' dir='ltr'>fraxineasque</span> <span class='ocrx_word' id='word_1_145' title='bbox 237 1855 323 1910; x_wconf 82' lang='lat' dir='ltr'>sptsre</span> <span class='ocrx_word' id='word_1_146' title='bbox 333 1854 404 1900; x_wconf 86' lang='lat' dir='ltr'>sudes</span> <span class='ocrx_word' id='word_1_147' title='bbox 413 1853 542 1910; x_wconf 72' lang='lat' dir='ltr'>furuasque</span> <span class='ocrx_word' id='word_1_148' title='bbox 551 1855 667 1913; x_wconf 76' lang='lat' dir='ltr'>valentes,</span> 
     </span>
    </p>

    <p class='ocr_par' dir='ltr' id='par_1_7' title="bbox 10 1923 706 2046">
     <span class='ocr_line' id='line_1_24' title="bbox 10 1923 620 1979; baseline -0.003 -7"><span class='ocrx_word' id='word_1_149' title='bbox 10 1929 48 1979; x_wconf 83' lang='lat'>3⁶0</span> <span class='ocrx_word' id='word_1_150' title='bbox 58 1923 151 1972; x_wconf 77' lang='lat' dir='ltr'>viribsm</span> <span class='ocrx_word' id='word_1_151' title='bbox 159 1923 218 1970; x_wconf 90' lang='lat' dir='ltr'>eniti</span> <span class='ocrx_word' id='word_1_152' title='bbox 227 1937 329 1978; x_wconf 84' lang='lat' dir='ltr'>querum</span> <span class='ocrx_word' id='word_1_153' title='bbox 338 1923 364 1970; x_wconf 90' lang='lat' dir='ltr'>et</span> <span class='ocrx_word' id='word_1_154' title='bbox 374 1924 526 1970; x_wconf 81' lang='lat' dir='ltr'>contemnere</span> <span class='ocrx_word' id='word_1_155' title='bbox 535 1925 620 1970; x_wconf 79' lang='lat' dir='ltr'>ventos</span> 
     </span>
     <span class='ocr_line' id='line_1_25' title="bbox 58 1990 706 2046; baseline -0.003 -6"><span class='ocrx_word' id='word_1_156' title='bbox 58 1993 200 2040; x_wconf 77' lang='lat' dir='ltr'>assuescent</span> <span class='ocrx_word' id='word_1_157' title='bbox 209 2005 361 2046; x_wconf 77' lang='lat' dir='ltr'>summasque</span> <span class='ocrx_word' id='word_1_158' title='bbox 371 1990 438 2046; x_wconf 90' lang='lat' dir='ltr'>sequi</span> <span class='ocrx_word' id='word_1_159' title='bbox 446 1990 559 2038; x_wconf 82' lang='lat' dir='ltr'>tebnlsts</span> <span class='ocrx_word' id='word_1_160' title='bbox 567 2006 611 2046; x_wconf 89' lang='lat' dir='ltr'>per</span> <span class='ocrx_word' id='word_1_161' title='bbox 619 1990 706 2038; x_wconf 89' lang='lat' dir='ltr'>ulmos.</span> 
     </span>
    </p>

    <p class='ocr_par' dir='ltr' id='par_1_8' title="bbox 58 2057 704 2453">
     <span class='ocr_line' id='line_1_26' title="bbox 88 2057 704 2116; baseline -0.002 -9"><span class='ocrx_word' id='word_1_162' title='bbox 88 2060 126 2107; x_wconf 85' lang='lat' dir='ltr'>Ae</span> <span class='ocrx_word' id='word_1_163' title='bbox 135 2059 194 2108; x_wconf 89' lang='lat' dir='ltr'>dum</span> <span class='ocrx_word' id='word_1_164' title='bbox 203 2059 282 2115; x_wconf 83' lang='lat' dir='ltr'>prime</span> <span class='ocrx_word' id='word_1_165' title='bbox 291 2058 359 2105; x_wconf 87' lang='lat' dir='ltr'>novis</span> <span class='ocrx_word' id='word_1_166' title='bbox 369 2057 483 2106; x_wconf 79' lang='lat' dir='ltr'>edeleseit</span> <span class='ocrx_word' id='word_1_167' title='bbox 492 2059 618 2106; x_wconf 83' lang='lat' dir='ltr'>frondibus</span> <span class='ocrx_word' id='word_1_168' title='bbox 628 2061 704 2116; x_wconf 81' lang='lat' dir='ltr'>uetes,</span> 
     </span>
     <span class='ocr_line' id='line_1_27' title="bbox 58 2126 664 2186; baseline -0.003 -12"><span class='ocrx_word' id='word_1_169' title='bbox 58 2127 207 2186; x_wconf 77' lang='lat' dir='ltr'>pnreendum</span> <span class='ocrx_word' id='word_1_170' title='bbox 216 2126 315 2183; x_wconf 84' lang='lat' dir='ltr'>teneris,</span> <span class='ocrx_word' id='word_1_171' title='bbox 325 2127 351 2173; x_wconf 93' lang='lat' dir='ltr'>et</span> <span class='ocrx_word' id='word_1_172' title='bbox 360 2126 418 2172; x_wconf 91' lang='lat' dir='ltr'>dum</span> <span class='ocrx_word' id='word_1_173' title='bbox 428 2141 453 2173; x_wconf 90' lang='lat' dir='ltr'>se</span> <span class='ocrx_word' id='word_1_174' title='bbox 462 2126 541 2173; x_wconf 82' lang='lat' dir='ltr'>laetus</span> <span class='ocrx_word' id='word_1_175' title='bbox 550 2127 582 2172; x_wconf 80' lang='lat' dir='ltr'>ad</span> <span class='ocrx_word' id='word_1_176' title='bbox 591 2141 664 2172; x_wconf 82' lang='lat' dir='ltr'>sures</span> 
     </span>
     <span class='ocr_line' id='line_1_28' title="bbox 59 2193 684 2253; baseline -0.005 -12"><span class='ocrx_word' id='word_1_177' title='bbox 59 2195 152 2253; x_wconf 67' lang='lat' dir='ltr'>palmes</span> <span class='ocrx_word' id='word_1_178' title='bbox 161 2195 214 2252; x_wconf 69' lang='lat' dir='ltr'>egit</span> <span class='ocrx_word' id='word_1_179' title='bbox 223 2194 285 2241; x_wconf 78' lang='lat' dir='ltr'>lexis</span> <span class='ocrx_word' id='word_1_180' title='bbox 294 2209 338 2250; x_wconf 85' lang='lat' dir='ltr'>per</span> <span class='ocrx_word' id='word_1_181' title='bbox 347 2209 435 2250; x_wconf 88' lang='lat' dir='ltr'>purum</span> <span class='ocrx_word' id='word_1_182' title='bbox 445 2193 566 2240; x_wconf 88' lang='lat' dir='ltr'>immissus</span> <span class='ocrx_word' id='word_1_183' title='bbox 576 2193 684 2249; x_wconf 77' lang='lat' dir='ltr'>habenis,</span> 
     </span>
     <span class='ocr_line' id='line_1_29' title="bbox 58 2261 661 2320; baseline -0.01 -8"><span class='ocrx_word' id='word_1_184' title='bbox 58 2265 114 2320; x_wconf 76' lang='lat' dir='ltr'>ipsa</span> <span class='ocrx_word' id='word_1_185' title='bbox 122 2263 173 2310; x_wconf 83' lang='lat' dir='ltr'>seis</span> <span class='ocrx_word' id='word_1_186' title='bbox 182 2262 290 2310; x_wconf 88' lang='lat' dir='ltr'>nondum</span> <span class='ocrx_word' id='word_1_187' title='bbox 300 2261 370 2309; x_wconf 78' lang='lat' dir='ltr'>fulcis</span> <span class='ocrx_word' id='word_1_188' title='bbox 378 2262 530 2318; x_wconf 80' lang='lat' dir='ltr'>temptends,</span> <span class='ocrx_word' id='word_1_189' title='bbox 540 2261 582 2308; x_wconf 92' lang='lat' dir='ltr'>sed</span> <span class='ocrx_word' id='word_1_190' title='bbox 592 2261 661 2306; x_wconf 86' lang='lat' dir='ltr'>uneis</span> 
     </span>
     <span class='ocr_line' id='line_1_30' title="bbox 59 2328 675 2388; baseline -0.008 -8"><span class='ocrx_word' id='word_1_191' title='bbox 59 2331 194 2388; x_wconf 74' lang='lat' dir='ltr'>esrpendee</span> <span class='ocrx_word' id='word_1_192' title='bbox 204 2331 315 2378; x_wconf 78' lang='lat' dir='ltr'>menibus</span> <span class='ocrx_word' id='word_1_193' title='bbox 325 2330 423 2377; x_wconf 87' lang='lat' dir='ltr'>frondes</span> <span class='ocrx_word' id='word_1_194' title='bbox 432 2331 544 2385; x_wconf 87' lang='lat' dir='ltr'>interque</span> <span class='ocrx_word' id='word_1_195' title='bbox 553 2328 675 2384; x_wconf 78' lang='lat' dir='ltr'>legendae.</span> 
     </span>
     <span class='ocr_line' id='line_1_31' title="bbox 59 2395 673 2453; baseline -0.011 -5"><span class='ocrx_word' id='word_1_196' title='bbox 59 2400 121 2448; x_wconf 91' lang='lat' dir='ltr'>Inde</span> <span class='ocrx_word' id='word_1_197' title='bbox 130 2399 173 2447; x_wconf 91' lang='lat' dir='ltr'>nbi</span> <span class='ocrx_word' id='word_1_198' title='bbox 181 2401 231 2448; x_wconf 84' lang='lat' dir='ltr'>ism</span> <span class='ocrx_word' id='word_1_199' title='bbox 240 2399 326 2446; x_wconf 77' lang='lat' dir='ltr'>validis</span> <span class='ocrx_word' id='word_1_200' title='bbox 336 2398 460 2453; x_wconf 77' lang='lat' dir='ltr'>amplexae</span> <span class='ocrx_word' id='word_1_201' title='bbox 470 2397 586 2452; x_wconf 89' lang='lat' dir='ltr'>stirpibus</span> <span class='ocrx_word' id='word_1_202' title='bbox 595 2395 673 2442; x_wconf 87' lang='lat' dir='ltr'>ulmos</span> 
     </span>
    </p>
   </div>
   <div class='ocr_carea' id='block_1_3' title="bbox 108 2481 495 2586">
    <p class='ocr_par' dir='ltr' id='par_1_9' title="bbox 108 2481 495 2586">
     <span class='ocr_line' id='line_1_32' title="bbox 304 2481 495 2518; baseline -0.005 -1"><span class='ocrx_word' id='word_1_203' title='bbox 304 2486 340 2517; x_wconf 73' lang='lat'>³41.</span> <span class='ocrx_word' id='word_1_204' title='bbox 360 2481 495 2518; x_wconf 51' lang='lat' dir='ltr'>elstterreass</span> 
     </span>
     <span class='ocr_line' id='line_1_33' title="bbox 108 2538 406 2586; baseline -0.007 0"><span class='ocrx_word' id='word_1_205' title='bbox 108 2538 166 2586; x_wconf 85' lang='lat'><strong>(67)</strong></span> <span class='ocrx_word' id='word_1_206' title='bbox 375 2544 406 2572; x_wconf 81' lang='lat'>⁰2</span> 
     </span>
    </p>
   </div>
   <div class='ocr_carea' id='block_1_4' title="bbox 0 0 999 3164">
    <p class='ocr_par' dir='ltr' id='par_1_10' title="bbox 0 0 999 3164">
     <span class='ocr_line' id='line_1_34' title="bbox 0 0 999 3164; baseline 0 0"><span class='ocrx_word' id='word_1_207' title='bbox 0 0 999 3164; x_wconf 95' lang='lat' dir='ltr'> </span> 
     </span>
    </p>
   </div>
  </div>
 </body>
</html>
