1972 3164
421 163 532 203 AENEIS.
558 165 590 204 IX

167 257 220 304 Nec
229 257 327 315 longum
337 258 364 305 in
373 260 452 306 medio
460 261 566 317 tompus,
573 276 628 309 cum
637 262 766 311 clamored
773 278 845 311 aures

167 326 285 384 pervenit,
306 343 335 375 ao
354 327 420 374 videt
438 328 583 386 Euryalum,
600 344 671 386 quem
690 330 740 377 iam
758 346 845 378 manns

224 410 301 442 omnus

166 463 255 510 fraude
264 462 310 511 loci
319 465 345 511 et
355 464 441 522 noctis,
452 463 532 513 subito
541 464 658 513 turbante
667 466 786 523 tumultu,

166 548 309 589 oppressum
319 533 385 589 rapit
394 535 420 581 et
430 536 557 581 conantem
568 534 673 590 plurima
679 535 782 583 frustra.

168 601 233 658 Quid
243 601 335 648 factat?
348 617 395 657 qua
405 601 430 648 vi
438 601 558 660 iuvenem,
569 603 654 659 quibus
664 605 755 651 audeat
763 603 839 650 armis

122 686 158 724 400
168 670 278 726 cripere?
290 685 323 716 an
332 685 383 717 sese
392 671 482 718 medios
491 672 624 718 moriturus
633 671 659 718 in
669 687 738 719 enses

168 737 261 784 inferat
270 740 294 785 et
305 738 432 794 pulchram
442 741 556 795 properet
565 755 609 795 per
615 739 716 787 vulnera
725 742 846 788 mortem?

168 806 244 854 Ocius
253 807 359 854 adducto
367 809 465 863 torquet
475 807 562 855 hastile
572 808 662 855 lacerto

168 875 301 931 suspicions
311 875 387 923 altam
397 876 501 933 Lunam,
512 878 537 924 et
547 877 581 923 sic
590 891 648 924 voco
657 879 788 933 precatur:

169 943 176 966 ‘
185 945 232 1001 Tu,
243 944 295 1001 dea,
306 946 335 991 tu
344 960 458 1000 praecem
470 948 554 993 nostro
564 961 677 993 succurro
686 946 771 1004 labori,

168 1014 290 1061 astrorum
300 1013 372 1061 decus
382 1015 407 1060 ct
416 1029 541 1061 nemorum
551 1013 656 1062 Latonia
665 1015 753 1061 custos.

169 1081 196 1128 si
206 1096 255 1137 qua
263 1080 313 1128 tuis
322 1097 439 1137 umquam
448 1097 493 1137 pro
502 1098 541 1130 me
551 1083 622 1138 pater
631 1082 757 1139 Hyrtacus
767 1081 816 1128 aris

169 1149 235 1197 dona
243 1149 309 1206 tulit,
320 1149 341 1196 si
350 1165 398 1205 qua
406 1150 457 1206 ipse
467 1150 527 1197 mois
536 1149 663 1197 venatibus
673 1149 738 1206 auxi,

169 1218 313 1274 suspendive
321 1218 398 1275 tholo,
408 1220 453 1264 aut
462 1234 531 1266 sacra
541 1218 572 1264 ad
582 1217 682 1274 fastigia
691 1217 742 1275 fixi,

169 1288 236 1335 hunc
254 1286 305 1334 sine
324 1301 363 1334 mc
381 1286 482 1333 turbare
501 1285 600 1343 globum
620 1288 645 1332 et
660 1300 717 1342 rego
733 1284 785 1332 tela
803 1300 847 1341 per

227 1356 317 1402 auras!

122 1436 160 1474 410
170 1424 285 1480 Dixerat,
294 1425 319 1471 et
329 1425 382 1471 toto
392 1423 491 1471 conixus
501 1438 601 1479 corpore
608 1422 701 1470 fenum

169 1492 267 1542 coniicit
276 1512 282 1539 ι
297 1491 368 1539 hasta
377 1492 461 1540 volans
471 1492 548 1539 noctis
558 1491 696 1539 diverberat
705 1490 813 1548 umbras,

169 1563 195 1610 ct
205 1561 273 1610 venit
282 1560 361 1608 aversi
370 1560 395 1606 in
404 1563 502 1618 tergum
512 1560 634 1608 Sulmonis
644 1559 723 1615 ibique

168 1630 296 1687 frangitur
305 1645 334 1678 ac
344 1629 400 1676 fisso
409 1629 500 1676 transit
510 1628 651 1686 praecordia
659 1628 733 1685 liguo.

169 1699 286 1747 Volvitur
294 1698 335 1746 illc
344 1713 443 1746 vomens
453 1698 557 1746 calidum
568 1697 597 1746 dc
607 1700 704 1754 pectore
714 1697 805 1744 flumen

168 1767 284 1825 frigidm,
294 1769 319 1815 et
329 1766 409 1826 longis
418 1766 564 1823 singultibus
574 1766 616 1813 ilia
626 1766 716 1823 pulsat.

170 1836 269 1884 Diversi
277 1835 482 1892 circumspiciunt.
512 1836 567 1883 Hoc
576 1835 655 1883 acrior
662 1835 727 1882 idem

169 1920 225 1954 ecoe
234 1904 301 1952 aliud
309 1920 405 1952 summa
413 1904 490 1952 telum
499 1903 606 1951 librabat
615 1903 646 1950 ab
656 1919 723 1951 aure.

170 1974 238 2021 Dum
244 1974 376 2030 trepidant,
382 1973 411 2020 iit
417 1973 490 2019 hasta
497 1971 847 2028 Tagopertempusutrumque

170 2041 285 2099 stridens,
295 2042 444 2097 traiectoque
455 2041 532 2088 haesit
542 2040 666 2096 tepefacta
675 2038 781 2087 cerebro.

122 2124 162 2164 420
172 2110 255 2158 Saevit
264 2112 335 2158 atrox
345 2110 458 2166 Volcens,
468 2124 512 2156 nec
522 2107 566 2155 teli
575 2106 691 2162 conspicit
701 2120 804 2161 usquam

171 2180 304 2237 auctorem,
315 2195 360 2226 nec
369 2193 417 2234 quo
426 2193 451 2225 sc
461 2176 548 2223 ardens
557 2175 690 2222 immittere
700 2172 784 2230 possit.

171 2248 178 2270 ‘
188 2248 228 2294 'Pu
237 2249 320 2296 tamen
330 2248 424 2295 interea
433 2245 512 2294 calido
521 2244 581 2291 mihi
591 2242 709 2299 sanguino
718 2255 807 2297 poenas

170 2316 292 2374 persolves
298 2316 425 2363 amborum
434 2315 440 2334 '
451 2312 547 2369 inquit;
562 2311 634 2358 simul
644 2325 700 2358 ense
709 2309 803 2356 recluso

170 2385 223 2434 ibat
232 2385 259 2432 in
269 2384 412 2441 Euryalum.
442 2382 506 2428 Tum
515 2395 573 2428 vero
582 2379 722 2437 exterritus,
732 2392 815 2426 amens

354 2470 390 2504 4⁰2.
410 2465 522 2507 ‘torquens’
529 2464 584 2501 codd.
593 2472 665 2499 omncs

219 2521 228 2576 l
238 2535 272 2572 3³1
282 2521 291 2570 )
