1972 3164
370 189 392 227 P.
406 188 526 228 VERGILI
539 189 669 229 MARONIS

179 287 297 346 urgebam
308 289 334 334 et
343 288 394 335 tela
405 303 476 335 curos
486 288 582 335 solabar
592 288 679 335 aniles.

129 365 166 403 49Ο
180 357 233 413 Quo
257 359 361 412 sequar?
390 358 434 404 aut
459 372 521 412 quae
543 373 609 404 nuuc
632 358 703 404 artus
730 357 858 415 avulsaque

236 425 345 472 membra
548 451 549 455 =

179 497 205 542 et
214 495 289 542 funus
299 495 406 542 lacerum
416 494 491 541 tellus
501 493 593 541 hebet?
607 494 654 543 hoc
664 495 725 542 mihi
735 495 766 543 de
774 498 808 553 te,

180 565 246 621 nate,
257 563 351 610 refers?
364 562 409 610 hoc
419 578 473 609 sum
483 564 596 618 terreque
606 564 718 620 murique
728 567 827 612 secute?

179 633 261 689 Figite
271 648 318 688 me,
330 631 351 678 si
361 646 409 687 quc
419 631 457 678 cst
466 630 554 688 pietus,
564 631 590 679 in
600 647 640 679 me
650 632 733 679 omniu
742 633 793 680 tela

180 701 298 757 conficite,
308 716 323 748 o
332 701 432 758 Rutuli,
442 715 480 748 me
490 700 595 756 primam
605 700 727 748 absumite
737 701 818 748 ferro:

180 771 224 817 aut
234 769 270 826 tn,
281 784 368 825 magne
379 769 454 817 Peter
463 768 554 824 divum,
565 767 680 816 miserere
689 770 783 825 tuoque

179 838 285 885 invisum
294 837 340 886 boc
349 838 451 885 detrude
461 838 536 894 caput
546 836 591 884 sub
602 837 710 885 Tartaru
719 837 780 894 telo,

180 908 276 963 quando
287 907 358 954 eliter
371 922 464 963 nequeo
473 905 595 954 crudelem
609 905 756 963 abrumpere
765 899 859 953 vitam?

181 976 236 1023 Hoc
245 976 305 1023 fletu
315 976 424 1023 concussi
434 975 516 1032 enimi,
527 976 682 1030 maestusque
692 991 737 1032 per
747 990 830 1024 omnes

180 1045 201 1092 it
211 1044 315 1102 gemitus
324 1065 329 1092 ι
345 1046 446 1101 torpent
455 1044 577 1092 infractae
587 1043 619 1089 ed
627 1045 723 1099 proelio
732 1045 805 1093 vires.

133 1133 170 1169 500
181 1114 253 1161 Illum
263 1114 431 1161 incendentem
440 1114 521 1160 luctus
532 1113 619 1160 Ideeus
629 1114 655 1161 et
665 1113 745 1161 Actor

182 1183 268 1230 Ilionei
277 1183 372 1231 monitu
381 1184 407 1231 et
416 1182 521 1230 multum
531 1182 683 1230 lacrimantis
693 1182 743 1230 Iuli

182 1251 323 1309 corripiunt,
334 1252 443 1308 interque
453 1268 540 1299 munus
550 1251 595 1298 snb
605 1253 673 1299 tecta
683 1253 817 1308 reponunt.

212 1321 247 1368 At
257 1321 318 1369 tuba
327 1321 460 1368 terribilem
470 1322 576 1369 sonitum
588 1321 674 1377 procul
683 1336 741 1369 uere
751 1337 840 1369 canoro

182 1390 304 1446 increpuit
313 1410 319 1446 ;
334 1391 443 1447 sequitur
452 1390 543 1438 clamor
552 1390 692 1446 caelumque
701 1391 818 1448 remugit.

182 1459 328 1508 Accelerunt
338 1461 395 1508 ecta
405 1459 498 1516 pariter
506 1459 629 1506 testudine
638 1459 729 1518 Volsci,

183 1530 208 1577 et
218 1528 296 1575 fossus
305 1527 406 1583 implero
416 1529 506 1584 parent
516 1542 544 1574 ec
554 1527 643 1576 vellere
652 1528 753 1576 vellum.

184 1597 309 1654 Quaerunt
319 1611 376 1652 pers
386 1597 480 1643 editum
490 1597 515 1643 et
525 1595 596 1643 scolis
606 1596 737 1644 escendere
747 1612 839 1654 muros,

184 1681 231 1721 quo
240 1682 297 1713 rura
307 1667 344 1712 est
354 1665 417 1712 ecies
427 1664 603 1720 interlucetque
612 1679 701 1712 corono

184 1737 294 1782 nontam
305 1734 382 1790 spissa
391 1734 458 1781 viris.
489 1732 603 1780 Telorum
613 1734 740 1782 effundero
750 1737 838 1782 contro

136 1824 173 1860 510
184 1819 254 1851 omno
264 1819 340 1860 genus
350 1803 438 1850 Teucri
448 1819 476 1850 uc
486 1801 553 1849 duris
563 1802 691 1849 detrudere
701 1803 789 1858 contis,

184 1872 276 1920 assueti
284 1873 356 1928 longo
366 1887 448 1918 muros
458 1871 585 1918 defendere
594 1870 666 1918 bello.

185 1942 249 1989 Saxo
259 1957 351 1996 quoque
360 1940 450 1987 infesto
460 1939 588 1986 volvebant
598 1940 704 1995 pondere
714 1940 735 1986 si
744 1955 793 1995 quc

185 2011 283 2065 possent
302 2010 393 2057 tectum
418 2008 494 2055 aciem
517 2009 681 2064 perrumpere,
701 2024 758 2056 cum
779 2010 862 2056 temon

240 2093 321 2125 omnes

184 2148 248 2194 terre
258 2148 327 2193 iuvet
337 2146 421 2192 subter
430 2146 506 2192 dense
515 2145 637 2193 testudine
648 2161 727 2193 cesus.

184 2217 236 2264 Nec
255 2217 303 2262 iam
326 2214 456 2261 sufficiunt.
486 2213 552 2260 Nem
575 2230 623 2269 qua
642 2214 728 2270 globus
751 2214 862 2260 imminet

240 2285 334 2342 ingens,

184 2353 313 2400 immunem
323 2352 412 2400 Teucri
422 2352 509 2398 molem
519 2351 667 2407 volvuntwe
676 2353 811 2410 ruuntque,

185 2438 245 2477 quoe
255 2422 344 2468 stravit
354 2420 458 2467 Rutulos
468 2421 518 2467 late
531 2436 700 2476 armorumque
710 2420 812 2467 resolvit

184 2491 300 2545 tegmina.
330 2489 383 2537 Nec
393 2491 480 2536 curant
491 2505 561 2536 cueco
569 2490 713 2537 contendere
723 2489 807 2536 Marte

232 2559 303 2608 (334)
799 2575 802 2578 ’
