1972 3164
444 257 467 297 P.
479 257 599 298 VERGILI
612 258 740 300 morus

254 354 313 410 qnid
322 355 397 403 Troes
407 357 517 414 potuere,
527 356 614 412 qulbus
622 358 661 403 tot
670 358 758 405 funere
766 358 845 414 pessis

255 424 357 471 eunotus
366 422 397 471 ob
407 424 505 471 Italiam
515 425 637 472 terrerum
650 425 774 472 clauditur
782 426 864 474 orbis?
920 441 923 445 ’

255 491 327 540 Certe
336 493 394 540 hino
403 493 526 540 Romanos
535 493 591 540 olim
603 493 755 541 volventibus
764 494 844 552 annis,

254 560 311 609 hine
320 562 372 608 fore
382 562 492 609 ductores
502 563 615 610 revocato
625 577 640 609 o.
649 562 767 620 sangnine
778 563 874 620 Teucri,

254 631 296 686 qui
305 645 380 688 mare,
390 629 431 686 qni
440 632 519 678 terras
529 629 594 677 omni
603 630 696 678 dicione
705 633 826 688 tenerent,

254 699 375 755 pollicitus
388 720 393 746 :
407 714 468 756 quae
477 700 511 757 te,
521 699 626 756 genitor,
637 699 759 746 sententie
768 700 844 746 vertit
853 701 863 746 l

255 767 310 815 Hoe
319 768 428 823 equidem
438 782 549 814 oooesm
559 767 646 815 Troiae
656 767 785 823 tristesque
794 768 879 814 ruinas

255 835 358 893 solabar,
369 836 427 883 tutis
438 835 623 883 contrarietate
631 835 765 891 rependens
775 855 781 893 3

206 920 243 957 240
254 920 319 952 nunc
329 904 412 951 eudem
422 904 522 950 fortune
531 904 596 950 viros
606 904 644 950 tot
654 903 748 951 casibus
758 905 826 951 setes

254 971 398 1029 insequitur.
429 972 506 1029 Quem
532 972 575 1019 dus
600 971 680 1028 finem,
706 987 750 1018 rex
772 987 871 1029 magne,
895 972 929 1019 lu<

308 1041 412 1088 borum?
919 1061 922 1064 ·

253 1109 364 1156 Antenor
374 1109 462 1165 potnit,
473 1108 557 1156 mediis
567 1107 663 1164 elapsus
673 1108 781 1165 Achivis,

252 1176 362 1233 Illyricos
372 1179 498 1232 penetrare
508 1177 575 1222 sinus
585 1179 658 1231 atque
667 1176 755 1223 intime
764 1178 835 1223 tutus

252 1260 328 1302 regne
338 1245 509 1300 Libmnorum,
519 1245 544 1291 et
554 1244 647 1291 fontem
658 1259 774 1300 superare
784 1243 888 1301 limavi,

252 1314 317 1363 unde
333 1329 377 1370 per
393 1328 437 1360 ors
453 1327 539 1359 novem
555 1314 626 1359 vesto
644 1327 700 1359 eum
719 1327 844 1359 murmure
862 1327 929 1360 mon·

308 1383 341 1429 tis

252 1450 273 1497 it
282 1466 349 1498 mare
359 1451 505 1507 proruptum
515 1450 540 1496 et
551 1447 636 1505 pelago
645 1449 734 1505 premit
744 1464 804 1495 arva
813 1446 919 1496 sonanti.

253 1519 302 1567 Hie
311 1521 393 1566 tamen
403 1518 443 1566 ille
452 1517 537 1565 urbem
547 1517 635 1564 Potavi
645 1517 759 1572 sedesque
768 1516 858 1564 locavit

253 1586 409 1644 Teucrorum,
420 1588 445 1633 et
455 1585 524 1644 genti
532 1599 620 1631 nomen
630 1585 696 1631 dedit
706 1599 821 1640 armaque
831 1584 886 1631 fixit

254 1655 336 1712 Trois,
347 1671 413 1703 nune
422 1654 518 1711 placide
527 1655 663 1709 compostus
673 1668 731 1709 puee
741 1652 858 1708 quiescit:

205 1742 242 1780 250
254 1738 307 1780 nos,
318 1724 363 1769 tue
373 1723 508 1780 progenies,
519 1721 579 1770 eueli
588 1721 675 1777 quibus
685 1721 772 1768 annuis
781 1735 871 1777 eroem,

253 1791 354 1838 nuribus
365 1791 509 1848 (infandum)
519 1791 613 1838 emissis
622 1790 694 1837 unius
703 1790 733 1836 ob
742 1790 805 1836 iram

253 1859 377 1916 prodimur
387 1860 459 1914 atque
469 1859 539 1905 Italis
549 1857 620 1917 longe
630 1857 791 1916 disiungimur
800 1858 857 1903 oris.

253 1927 302 1974 Hie
312 1927 410 1982 pietatis
419 1927 512 1974 honos?
527 1927 561 1975 sie
571 1942 615 1973 nos
624 1927 650 1973 in
661 1928 758 1982 seeptre
767 1924 864 1981 reponis
872 1925 895 1970 l'

282 1995 330 2042 Olli
340 1995 465 2041 subridens
475 1994 599 2041 hominum
609 1996 676 2042 sotor
689 1996 761 2049 atque
771 1994 872 2040 deorum

253 2063 332 2120 vultu,
343 2078 390 2118 quo
398 2063 491 2110 oeelnm
500 2064 704 2118 tempestatesque
714 2064 819 2118 serenat,

254 2133 336 2180 osenla
345 2131 430 2178 libavit
439 2134 520 2185 natae,
531 2131 617 2178 dehine
627 2131 688 2178 teliu
696 2130 765 2177 fatur
777 2149 782 2178 ε

255 2199 344 2247 ‘Parce
354 2202 429 2256 metu,
441 2200 575 2255 Cytherea:
590 2200 690 2246 manent
699 2199 801 2244 immoto
810 2198 909 2244 tuorum

253 2269 307 2316 feta
316 2269 361 2315 tibi
371 2287 377 2325 ;
393 2283 474 2315 cernes
484 2267 568 2314 urbem
579 2269 604 2314 et
614 2267 732 2323 promisse
741 2265 828 2314 Lavini

254 2337 356 2394 moenie,
367 2335 538 2389 sublimemque
548 2334 611 2380 feres
621 2335 652 2380 ed
663 2333 741 2380 sidere
750 2333 810 2380 eseli

207 2417 243 2455 260
255 2405 436 2462 magnanimum
446 2404 546 2450 Aenean
558 2421 564 2458 3
578 2417 654 2457 neque
664 2417 703 2449 me
713 2400 835 2448 sententis
843 2400 927 2447 vertit.

256 2474 304 2521 Hie
318 2474 363 2520 tibi
378 2473 457 2531 (labor
466 2471 538 2529 enim,
549 2471 644 2527 quando
653 2471 712 2519 haee
726 2472 751 2517 te
766 2485 825 2517 eura
838 2484 928 2517 remor-

310 2541 359 2598 det,

300 2609 309 2658 (
319 2609 371 2658 120)
