1972 3164
435 158 458 196 P.
471 155 590 196 VERGILI
603 156 730 196 MARONIS

247 251 263 272 “
273 251 344 299 Mene
354 249 441 298 efferre
450 250 543 308 pedem,
553 250 657 308 genitor,
667 251 693 298 te
702 265 770 307 pesse
779 249 867 300 relicto

246 320 357 377 sperasti,
368 321 511 375 tantumque
521 319 589 366 nefas
600 319 679 375 patrio
689 320 778 367 excidit
785 324 844 368 orei

248 389 274 436 Si
283 389 344 435 nihil
353 405 383 436 ex
392 391 464 436 tanta
473 389 566 444 superis
576 388 656 444 placet
664 389 725 436 urbe
734 389 845 448 relinqui,

200 472 237 510 660
247 460 273 505 et
282 457 349 504 sedet
358 457 404 505 hoc
413 457 501 514 animo,
512 457 679 513 perituraeque
689 458 777 506 addere
788 458 876 506 Troiae

247 527 319 581 reque
328 526 429 581 tuosque
438 525 515 581 iuvat,
526 527 595 580 patet
600 526 646 583 isti
654 526 729 573 ianua
737 526 795 583 leto,

246 594 342 650 iamque
351 595 429 641 aderit
438 593 516 641 multe
525 593 617 640 Priami
626 593 655 640 de
664 595 780 650 sanguine
790 595 908 652 Pyrrhus,

247 665 334 710 uatum
348 664 460 709 autenm
473 662 559 718 patris,
574 665 670 718 patrem
685 662 726 718 qui
742 663 875 710 obtruncat
892 664 925 711 ad

305 746 369 778 aras.
913 750 920 760 ,

249 800 303 846 Hoc
311 801 372 855 erat,
383 799 448 846 alma
456 815 552 857 parens,
564 800 627 855 quod
636 816 674 847 me
684 815 727 856 per
736 799 795 857 tela,
803 815 846 856 per
855 800 926 858 ignes

249 867 329 924 eripis,
339 870 368 914 ut
378 867 461 914 mediis
471 867 564 915 hostem
574 868 600 914 in
610 868 781 923 penetralibus,
792 870 868 923 utque

248 935 380 982 Ascanium
390 938 532 991 patremque
541 950 622 983 meum
631 936 746 992 iuxtaque
757 937 875 983 Creusam

250 1003 355 1051 alterum
364 1003 390 1050 in
400 1004 500 1051 alterius
510 1004 629 1052 mactatos
640 1004 757 1060 sauguine
765 1007 881 1052 cernam?

249 1074 334 1128 Arma,
344 1072 398 1128 viri,
409 1071 472 1119 ferte
483 1087 552 1121 arma
561 1074 652 1129 evocat
660 1072 704 1119 lux
712 1072 800 1119 ultima
809 1072 896 1120 victos.

250 1140 353 1188 Reddite
362 1155 401 1187 me
411 1139 512 1197 Danais,
523 1140 594 1188 sinite
603 1140 743 1188 instaurata
751 1141 856 1188 revisam

202 1222 241 1270 670
250 1208 348 1265 proelia.
381 1198 925 1264 Numquamolrmeshediemoriemurinulti.”

278 1276 356 1324 ‘Hinc
366 1276 430 1324 ferro
439 1277 551 1334 accingar
560 1292 645 1324 rursus
655 1277 776 1333 clipeoque
785 1277 911 1325 sinistram

249 1345 397 1393 insertabam
407 1347 588 1410 aptans'meque
598 1346 668 1392 extra
676 1346 744 1392 tecta
752 1345 870 1394 ferebam.

251 1414 314 1461 Ecce
323 1415 405 1461 autem
415 1409 537 1473 compleia
546 1413 618 1468 pedes
627 1413 653 1460 iu
662 1413 744 1461 limine
754 1413 860 1461 coniunx
949 1472 953 1479 ¹

251 1483 373 1539 haerebat,
384 1497 532 1538 parvumque
542 1481 608 1537 patri
616 1481 732 1529 tendebat
742 1481 839 1530 Iulum:

253 1550 269 1572 “
279 1550 305 1598 Si
312 1550 435 1618 periturus
445 1551 504 1607 abis,
514 1552 539 1598 et
549 1565 593 1598 nos
602 1565 661 1607 rape
670 1550 696 1597 in
706 1551 787 1597 omnia
796 1552 878 1598 tecum
884 1570 891 1607 ;

252 1617 290 1666 sin
299 1619 404 1675 aliquam
413 1620 526 1675 expertus
537 1617 640 1673 sumptis
651 1633 718 1673 spem
727 1619 796 1674 penis
806 1619 832 1665 in
844 1618 927 1676 armis,

251 1687 314 1734 hanc
324 1687 429 1743 primum
438 1689 520 1734 tutare
531 1686 637 1734 domum.
666 1686 712 1734 Oui
721 1702 812 1742 parvus
821 1686 901 1742 Iulus,

253 1756 292 1803 cui
297 1758 367 1811 pater
373 1758 398 1802 et
405 1757 509 1803 coniunx
516 1756 636 1812 quondam
642 1757 688 1802 tua
694 1755 760 1802 dicta
765 1755 903 1810 relinquor?
912 1755 927 1774 ”

280 1824 350 1871 Talia
359 1824 494 1871 vociferans
503 1824 597 1882 gemitu
605 1825 699 1871 tectum
709 1839 779 1870 omne
789 1822 909 1880 replebat,

205 1910 242 1949 680
254 1907 309 1939 cum
319 1892 425 1938 subitum
435 1893 547 1949 dictuque
557 1892 635 1940 oritur
644 1891 754 1938 mirabile
762 1893 909 1938 monstrum.

254 1960 364 2016 Namque
374 1976 460 2007 manus
470 1961 536 2008 inter
545 1962 738 2015 maestorumque
748 1974 792 2007 cra
798 1961 930 2015 parentum

253 2045 307 2077 ecce
316 2029 375 2076 levis
386 2044 479 2077 summo
488 2029 517 2075 de
530 2028 620 2076 vertice
628 2028 694 2075 visus
704 2027 753 2075 Iuli

253 2098 356 2146 fundere
365 2098 447 2145 lumen
456 2113 525 2154 apex,
535 2098 651 2152 tactuque
660 2095 759 2142 innoxia
768 2095 853 2143 molles

253 2167 359 2214 lambere
369 2166 467 2212 flamma
476 2180 555 2212 comas
565 2167 591 2212 et
600 2165 690 2212 circum
700 2165 812 2218 tempera
820 2163 896 2219 pasci.

254 2235 305 2282 Nea
315 2235 395 2291 pavidi
404 2233 525 2289 trepidare
539 2234 614 2289 metu,
624 2232 761 2288 crinemque
771 2233 916 2289 flagrantem

256 2303 378 2352 Excutere
387 2307 412 2349 et
421 2303 517 2348 sanctos
525 2301 675 2356 restinguere
685 2300 794 2348 fontibus
803 2300 879 2358 ignes.

257 2372 292 2417 At
302 2372 372 2426 pater
381 2369 498 2417 Anchises
508 2368 590 2416 oeulos
600 2368 631 2415 ad
642 2368 721 2415 sidera
729 2368 808 2415 laetus

256 2438 353 2493 extulit,
363 2439 389 2485 et
399 2437 464 2485 caele
473 2436 565 2491 palmae
575 2451 630 2483 cum
640 2451 697 2482 voce
705 2436 826 2483 tetendit:

305 2506 313 2553 (
324 2505 375 2554 15⁸)
