1972 3164
455 241 478 280 P.
491 240 611 281 VERGILI
624 241 752 282 unssouls

264 340 311 396 ipsi
320 355 364 396 per
371 341 462 388 medias
472 341 535 388 acies
545 342 680 398 insignibus
690 343 740 389 alis>

265 410 376 466 ingentes
386 410 478 457 animos
489 412 594 467 angusto
603 410 629 456 in
641 413 738 466 pectore
748 413 856 469 versant,

266 494 341 535 usque
361 479 420 525 adeo
439 477 519 524 obnixi
539 493 586 524 non
607 479 698 534 cedere,
719 479 776 525 dum
796 480 878 536 gravis
899 482 942 527 ant

312 547 366 594 ·hou

267 618 311 664 ant
321 617 363 662 hos
373 631 443 663 versa
452 616 512 672 fuga
521 617 599 663 victor
608 617 666 663 dare
675 618 747 672 terga
757 616 860 673 subegit.

268 685 303 731 Hi
312 685 391 731 motus
402 684 536 731 animorum
547 687 620 740 atque
629 685 690 732 haec
700 685 834 732 certamina
843 687 916 732 tanta

268 752 373 808 pulveris
383 752 464 809 exigui
473 752 541 800 iactu
550 767 685 808 compressa
694 753 830 809 quiescunt.

297 821 388 868 Verum
398 820 439 867 nbi
449 821 560 868 ductores
569 821 620 868 acie
630 822 779 869 revocaveris
789 822 868 879 ambo,

269 889 374 936 deterior
382 889 424 945 qui
436 889 509 946 visus,
520 905 584 947 enm,
594 905 625 936 ne
635 891 749 947 prodigus
759 891 831 949 obsit,

233 974 259 1014 90
269 959 329 1006 dede
338 957 392 1006 neci
400 977 407 1014 ;
421 958 506 1005 melior
515 974 592 1006 vacua
602 958 653 1006 sine
662 960 749 1015 regnet
758 959 784 1005 in
794 960 859 1007 aula.

269 1026 340 1074 Alter
349 1027 396 1073 erit
406 1026 507 1074 maculis
516 1042 576 1074 auro
586 1027 752 1083 squalentibus
760 1029 847 1075 ardens
857 1049 863 1075 ε

269 1110 327 1142 nam
336 1095 384 1142 duo
393 1096 452 1141 sunt
462 1110 551 1151 genera
561 1116 566 1143 :
580 1095 619 1142 hio
629 1096 715 1143 melior
724 1096 826 1154 insignis
836 1099 861 1144 et
871 1112 914 1144 ore

269 1165 295 1211 ot
304 1162 384 1210 rutilis
394 1163 474 1209 clarus
485 1164 603 1221 squamis3
618 1164 659 1212 ille
669 1165 780 1212 horridus
790 1165 854 1212 alter

271 1231 362 1279 desidia
370 1230 494 1287 latamque
503 1232 604 1280 trahens
614 1233 731 1289 inglorius
741 1233 831 1280 alvum.

271 1300 307 1348 Ut
316 1299 386 1346 binae
395 1315 481 1356 regum
491 1300 572 1358 facies,
582 1301 619 1348 ita
629 1316 730 1356 corpora
740 1301 824 1357 plebis.

271 1369 382 1425 Namque
391 1369 452 1416 aliae
463 1371 547 1425 turpes
556 1369 666 1427 horrent,
677 1385 721 1417 cen
731 1371 831 1426 pulvere
840 1370 873 1417 ab
882 1369 935 1417 alto

271 1455 326 1487 cum
335 1437 402 1485 venit
411 1439 437 1484 et
447 1438 510 1485 sicco
518 1440 612 1485 terram
622 1438 689 1494 spuit
699 1453 743 1487 ora
754 1439 834 1486 viator

271 1507 353 1555 aridus
361 1526 367 1563 ς
384 1507 479 1554 elucent
488 1506 550 1554 aliae
560 1508 585 1553 et
594 1507 690 1565 fulgore
700 1509 829 1555 coruscant

272 1576 384 1623 ardentes
395 1590 454 1622 auro
463 1577 488 1622 et
498 1575 597 1631 paribus
607 1575 653 1622 lita
662 1591 764 1631 corpora
774 1576 861 1634 guttis.

226 1665 261 1690 ¹00
273 1645 341 1692 Haeo
351 1644 431 1699 potior
440 1643 541 1701 suboles,
551 1643 608 1691 hino
618 1644 678 1691 caeli
684 1646 794 1700 tempore
804 1645 871 1691 certo

273 1712 352 1759 dulcia
362 1712 434 1759 mella
444 1727 545 1770 premes,
556 1728 600 1760 neo
610 1714 708 1759 tantum
718 1712 798 1760 dulcia
807 1712 927 1768 quantum

273 1782 298 1827 et
307 1780 399 1836 liquida
408 1782 433 1828 et
444 1781 532 1828 durum
542 1781 635 1828 Bacchi
645 1781 767 1827 domitura
776 1796 898 1836 saporem.

301 1850 336 1896 At
346 1865 400 1896 cum
410 1849 505 1896 ineerta
514 1850 598 1896 volant
608 1849 718 1905 caeloque
728 1849 841 1896 examina
849 1848 948 1906 ludunt,

274 1920 477 1973 contemnuntque
487 1918 555 1966 favos
566 1919 591 1964 et
600 1917 690 1974 frigida
699 1919 766 1964 tecta
774 1917 926 1974 relinquunt,

273 1987 397 2035 instabiles
407 1986 498 2033 animos
508 1986 566 2033 ludo
576 1986 711 2042 prohibebis
720 1985 795 2032 inani.

274 2056 326 2104 Nec
336 2071 438 2111 magnus
448 2055 574 2110 prohibere
584 2054 665 2101 labor:
681 2055 711 2100 tu
720 2054 817 2110 regibus
827 2054 879 2100 alas

275 2125 353 2181 eripe;
367 2139 416 2171 non
425 2123 473 2171 illis
482 2124 608 2179 qnisquam
619 2122 790 2170 cunctantibus
800 2121 880 2168 altum

274 2194 311 2242 ire
319 2193 367 2241 iter
377 2194 420 2240 aut
430 2192 516 2240 castris
525 2191 624 2239 audebit
633 2191 720 2238 vellere
731 2190 808 2247 signa.

275 2264 385 2310 Invitent
392 2261 480 2310 croceis
489 2261 601 2307 halantes
611 2260 708 2306 floribus
714 2258 787 2315 horti,

230 2354 265 2380 110
276 2335 301 2379 et
312 2333 392 2380 custos
402 2331 486 2376 iurum
495 2331 568 2384 atque
578 2329 659 2374 avium
670 2343 725 2375 cum
735 2327 798 2374 falce
808 2326 904 2383 saligna

277 2398 466 2456 Hellespontiaci
476 2399 555 2445 servet
564 2396 643 2444 tutela
652 2396 744 2451 Priapi.

277 2470 333 2525 Ipse
342 2469 452 2524 thymum
462 2466 577 2522 pinosque
586 2465 667 2511 ferens
678 2465 707 2511 de
717 2465 841 2511 montibus
850 2464 908 2510 altis

277 2538 342 2584 tecta
352 2539 418 2584 serat
427 2537 476 2583 late
486 2534 584 2590 circum,
595 2533 634 2580 oui
643 2533 704 2580 talia
714 2548 786 2580 ouras
792 2552 807 2589 ;·

324 2604 333 2652 (
341 2609 365 2654 96
373 2605 382 2653 )
