1972 3164
372 189 522 230 GEORGIGA.
546 190 580 229 111

137 304 180 336 ore
189 303 272 336 omnes
282 303 365 336 versae
373 289 399 336 in
409 289 546 344 Zephyrum
556 288 623 334 siant
633 286 732 343 rupibus
742 286 798 333 aliis

138 358 315 413 exceptantque
325 357 389 405 leves
399 373 480 413 aurae,
491 358 516 403 ei
526 371 596 412 saepe
606 356 657 402 sine
667 355 722 400 ullis

138 426 256 481 coniugiis
265 428 338 472 venio
347 426 470 482 gravidae,
481 425 590 472 mirabile
600 424 675 481 dictu,

139 510 199 541 aaxa
208 509 252 550 per
261 496 287 541 ei
296 494 405 550 scopulos
415 496 440 541 ei
449 495 575 549 depressas
586 492 706 540 convalles

138 563 282 620 diffugiunt,
292 578 349 619 non,
360 562 436 619 Eure,
446 564 511 619 iuos,
521 576 598 617 neque
609 560 671 608 Solis
681 560 713 607 ad
722 561 799 616 orins,

137 630 165 677 in
176 631 271 677 Borean
277 631 438 687 Cam-umque,
445 631 489 676 aui
499 630 562 676 unde
572 629 716 686 nigerrimus
723 628 814 674 Auster

139 699 249 746 nascitur
258 701 283 746 ei
293 698 374 755 pluvio
384 699 513 746 contristai
522 698 613 755 frigore
621 697 721 746 caelum.

93 775 128 813 280
140 768 190 815 Hic
199 768 304 824 demum,
315 767 472 823 hippomanes
481 781 539 814 vero
548 767 612 821 quod
621 766 717 812 nomine
727 765 812 813 dicuni

139 837 258 893 pusiones,
269 836 362 882 lentum
372 834 480 882 deaiillai
489 834 521 881 ab
529 834 628 891 inguine
637 833 712 889 virus,

139 904 305 960 hippomanes,
316 904 379 958 quod
389 918 460 958 saepe
469 902 547 949 malae
556 902 636 959 legere
645 917 762 949 novercae

139 971 335 1027 miscueruntque
345 971 432 1019 herbas
442 971 468 1018 eb
477 985 525 1016 non
534 969 633 1017 innoxia
641 969 723 1017 verba.

170 1039 217 1087 Sed
226 1040 291 1098 iugit
300 1040 400 1096 interea,
411 1039 475 1096 fugit
484 1038 641 1094 irreparabile
650 1040 755 1095 bemus,

139 1108 237 1167 singula
246 1109 304 1155 dum
314 1107 380 1164 capii
389 1109 605 1156 circumveniamur
615 1122 704 1154 umore.

139 1177 196 1224 Hoc
206 1177 265 1224 sabis
274 1177 405 1224 armentis:
419 1177 518 1232 superat
527 1191 584 1231 pars
595 1175 675 1222 albere
685 1190 765 1230 curae,

139 1245 261 1302 lanigeros
271 1245 364 1302 agitare
375 1260 460 1303 greges
469 1245 593 1300 hirtasque
603 1243 715 1299 capellas.

140 1314 190 1360 Hic
199 1313 275 1371 labor,
286 1314 342 1361 hinc
350 1315 447 1361 laudem
456 1313 533 1360 fortes
543 1313 640 1368 sperate
649 1311 734 1359 coloni.

140 1381 193 1429 Nec
201 1397 254 1429 anm
263 1383 338 1429 animi
347 1383 442 1440 dubius,
452 1382 533 1429 verbis
542 1396 571 1427 ea
580 1380 675 1427 vincere
684 1394 800 1437 magnum

94 1472 129 1508 apo
141 1465 214 1505 quam
224 1451 256 1497 sii
265 1452 290 1498 ei
300 1452 410 1508 angustis
419 1452 485 1499 hunc
494 1447 582 1497 addere
592 1448 662 1496 rebus
672 1448 801 1504 honorem

140 1518 184 1565 scd
193 1534 232 1566 me
241 1518 344 1567 Parnasi
353 1520 450 1567 deserta
459 1535 503 1576 per
512 1519 589 1566 ardua
599 1517 674 1564 dulcis

140 1589 226 1643 raptui
236 1603 317 1645 amor;
332 1588 402 1635 iuvai
411 1589 447 1636 ire
455 1588 527 1646 iugis,
538 1603 586 1643 qua
595 1586 663 1632 nulla
673 1585 779 1641 priorum

141 1656 274 1704 Castaliam
284 1656 349 1703 molli
359 1657 494 1703 devertitur
503 1655 583 1702 orbiia
592 1654 660 1702 clivo.

140 1725 223 1781 Nunc,
238 1725 376 1775 veneranda
391 1725 471 1781 Pales,
487 1739 575 1780 magno
590 1738 655 1770 nunc
670 1738 711 1770 ore
729 1737 815 1769 acuan-

197 1793 261 1840 dum.

169 1862 290 1918 Incipiens
300 1861 403 1910 siabuiis
413 1860 479 1908 edico
488 1861 515 1908 in
524 1860 636 1906 mollibus
645 1859 745 1907 herbam

140 1945 240 1986 carpere
249 1945 313 1988 oves,
324 1931 382 1977 dnm
392 1945 448 1977 mox
457 1929 571 1976 frondosa
579 1928 706 1976 reduciiur
715 1928 804 1983 aestas,

140 2000 167 2046 et
177 1999 256 2045 mulia
264 2000 350 2046 duram
360 1998 451 2054 stipula
460 1997 596 2052 filicumque
606 1996 718 2052 maniplis

141 2070 250 2116 sternere
260 2068 344 2116 eubier
352 2067 462 2123 humum,
472 2065 561 2122 glacies
571 2081 602 2112 ne
611 2065 702 2123 frigida
710 2063 791 2110 laedat

141 2138 214 2186 molle
224 2154 304 2194 pecua,
312 2136 461 2192 scabiemque
470 2135 536 2182 ferai
545 2135 676 2190 turpesque
686 2132 814 2187 podagrae.

95 2229 130 2265 300
143 2207 202 2254 Post
212 2206 268 2253 hinc
278 2207 399 2262 digressus
407 2204 478 2251 iubeo
487 2203 626 2251 frondentia
634 2200 713 2255 capris

141 2274 231 2322 arbuta
241 2274 347 2321 sufficere
356 2275 381 2320 ei
391 2272 475 2319 fluvios
484 2272 599 2328 praebere
608 2269 726 2322 recentes,

141 2345 168 2391 ei
177 2342 274 2390 stabula
283 2357 299 2388 a
308 2341 386 2388 ventis
396 2341 496 2388 hiberno
503 2354 623 2395 opponere
632 2335 678 2384 aoli

142 2413 175 2460 ad
185 2411 290 2459 medium
300 2425 415 2458 conversa
425 2410 497 2466 diem,
508 2424 563 2456 cum
573 2405 676 2461 frigidus
685 2402 742 2449 olim

140 2482 191 2529 iam
201 2480 267 2527 eane
276 2481 430 2534 extremoque
439 2478 531 2524 irrorai
541 2473 663 2530 Aquarius
673 2486 744 2518 anno.

188 2550 197 2596 (
207 2549 247 2600 83)
