1972 3164
361 176 385 217 P.
397 175 517 216 VERGILI
529 175 659 217 MARONIS

171 267 311 320 conscendit
320 269 452 320 furibunde
460 286 531 330 rogos
540 286 669 328 ensemque
678 270 784 320 recludit

173 341 336 400 Dardanium,
346 357 394 389 non
404 342 447 389 hos
457 341 592 398 quaesitum
602 355 691 387 munus
701 341 727 387 in
737 357 805 389 usus.

173 409 231 466 Hic,
242 412 369 467 postquam
378 411 465 458 Iliacas
475 412 554 457 vestes
563 411 696 464 notumque
706 409 785 456 cubile

173 478 305 535 conspexit,
315 479 414 534 paulum
423 478 530 525 lacrimis
539 480 565 524 et
575 479 655 524 mente
665 479 763 524 morata

125 549 164 597 ⁶⁵0
172 545 328 601 incubuitque
337 548 391 593 toro
399 545 507 602 diximue
517 546 648 593 novissima
656 546 732 593 verba
742 567 748 593 ε

173 612 277 660 ‘Duloes
286 613 394 669 exuviae,
406 612 464 659 dum
474 613 528 659 iata
537 614 643 668 deusque
653 613 756 670 sinebat,

171 680 273 736 accipite
284 680 347 727 hauc
356 680 463 726 animam
473 695 559 736 meque
568 681 606 727 his
617 681 733 728 exsolvite
743 681 815 730 euris.

172 747 228 795 Vixi
237 748 263 795 et
272 763 342 802 quem
353 748 453 795 dederat
463 764 561 795 cursum
570 749 684 795 Fortuna
693 750 784 807 peregi,

170 816 196 863 et
205 831 271 863 nuuc
280 831 369 872 magna
379 816 426 862 mei
436 816 480 863 sub
490 818 569 863 terras
578 815 624 863 ibit
633 816 722 873 imago.

170 883 263 930 Urbem
271 884 422 939 praeclaram
431 885 516 942 statui,
527 900 582 932 mea
591 885 686 932 moenia
695 886 753 942 vidi,

170 951 224 998 ulta
233 952 313 999 virum
323 967 412 1008 poenas
421 953 518 1000 inimico
527 969 543 999 a
552 953 631 1000 fratre
640 954 730 1011 recepi,

170 1020 238 1078 felix,
249 1021 297 1068 heu
305 1020 406 1067 nimium
417 1021 485 1078 felix,
496 1021 517 1069 si
526 1022 599 1068 litora
609 1023 710 1068 tantum

171 1104 304 1144 numquam
314 1089 454 1137 Dardaniae
463 1090 602 1146 tetigissent
611 1091 697 1136 nostra
707 1088 820 1137 carinae!

172 1156 250 1215 Dixit,
260 1159 286 1205 et
296 1173 322 1205 os
331 1157 450 1213 impressa
458 1159 513 1205 toro
523 1157 528 1178 ‘
537 1158 671 1205 Moriemur
681 1158 783 1213 inultae,

123 1239 161 1278 ⁶⁶0
172 1226 215 1273 sed
224 1226 372 1284 moriamur,'
386 1227 430 1284 ait,
442 1226 448 1247 ‘
458 1225 492 1274 sic
502 1226 536 1274 sic
544 1226 614 1272 iuvat
623 1227 658 1273 ire
669 1226 715 1273 sub
724 1226 833 1272 umbras.

173 1294 282 1341 Hauriat
290 1294 356 1342 huuc
365 1295 440 1342 oculis
449 1294 529 1351 ignem
539 1294 641 1341 crudelis
652 1294 683 1341 ab
693 1295 744 1341 ulto

172 1362 312 1421 Dardanus,
323 1365 348 1410 et
357 1365 455 1411 nostrae
464 1377 544 1410 secum
554 1361 618 1409 ferat
628 1363 710 1409 omina
720 1361 824 1410 mortis.’

171 1430 285 1489 Dixerat,
295 1433 369 1488 amne
378 1431 445 1479 illam
455 1431 533 1478 media
542 1431 607 1478 inter
616 1431 677 1478 talia
687 1431 754 1478 ferro

171 1498 303 1555 collapsam
313 1500 433 1557 aspiciunt
443 1498 541 1547 comites
552 1514 680 1554 ensemque
691 1513 777 1547 cruore

171 1569 325 1622 spumantem
335 1583 477 1623 sparsasque
486 1583 580 1614 manus.
610 1567 636 1613 It
646 1567 779 1614 clamored
789 1566 842 1614 alta

170 1635 235 1682 atria
243 1654 251 1691 ;
267 1651 407 1683 concussam
417 1636 550 1683 bacchatur
559 1635 637 1682 Fame
646 1651 690 1691 per
699 1635 794 1682 urbem.

170 1702 295 1749 Lamentis
304 1704 444 1759 gemituque
454 1705 480 1750 et
489 1703 593 1751 femineo
602 1703 700 1749 ululatu

169 1771 235 1817 tecta
244 1769 361 1828 fremunt,
373 1774 470 1818 resonat
480 1772 575 1828 magnis
589 1771 745 1828 plangoribus
756 1771 850 1827 aether,

168 1853 217 1885 non
227 1837 298 1885 aliter
308 1853 380 1893 quam
390 1839 410 1885 si
420 1839 533 1886 immissis
543 1841 600 1887 ruat
609 1840 719 1887 hostibus
729 1840 807 1887 omnis

122 1913 160 1959 670
170 1905 293 1962 Carthago
302 1908 346 1953 aut
356 1907 457 1962 antiqua
467 1908 553 1966 Tyros,
564 1908 721 1965 flammaeque
731 1909 843 1955 furentes

169 1975 274 2023 culmina
280 1990 369 2031 perque
374 1976 499 2023 hominum
504 1977 636 2024 volvantur
642 1992 730 2033 perque
738 1977 848 2024 deorum·

168 2043 255 2091 Audiit
265 2043 382 2091 exanimis
389 2044 531 2101 trepidoque
542 2045 660 2092 exterrita
670 2061 753 2102 cursu,

169 2112 290 2170 unguibus
299 2127 343 2159 ora
352 2127 419 2160 soror
428 2113 529 2160 foedans
538 2115 563 2160 et
574 2115 672 2169 pectora
681 2113 770 2170 pugnis

169 2197 213 2237 per
222 2181 311 2229 medios
320 2181 379 2238 ruit,
390 2197 419 2229 ac
428 2181 570 2229 morientem
580 2182 677 2228 nomine
686 2182 776 2229 elamat
785 2202 791 2228 ε

171 2250 240 2298 ‘Hoc
249 2250 318 2307 illud,
329 2265 453 2308 germana,
464 2249 531 2297 fuit?
545 2264 583 2296 me
593 2249 680 2296 fraude
689 2250 801 2305 petebas?

169 2317 214 2365 hoc
223 2334 296 2375 rogus
305 2319 352 2365 iste
362 2318 428 2374 mihi,
439 2317 484 2364 hoc
493 2317 560 2373 ignes
570 2332 673 2372 araeque
683 2317 819 2372 parabant?

169 2385 226 2440 quid
235 2386 341 2440 primum
351 2386 445 2434 deserta
454 2388 560 2441 querar?
579 2386 722 2432 comitemne
732 2400 839 2432 sororem

168 2453 412 2568 wrivigfiffmffl?
430 2454 514 2502 eadem
525 2469 563 2501 me
572 2454 604 2500 ad
614 2452 668 2500 fata
676 2468 796 2508 vocasses,

234 2533 244 2558 2
