<?xml version="1.0" encoding="UTF-8"?>
<!DOCTYPE html PUBLIC "-//W3C//DTD XHTML 1.0 Transitional//EN"
    "http://www.w3.org/TR/xhtml1/DTD/xhtml1-transitional.dtd">
<html xmlns="http://www.w3.org/1999/xhtml" xml:lang="en" lang="en">
 <head>
  <title>
</title>
<meta http-equiv="Content-Type" content="text/html;charset=utf-8" />
  <meta name='ocr-system' content='tesseract 3.04.00' />
  <meta name='ocr-capabilities' content='ocr_page ocr_carea ocr_par ocr_line ocrx_word'/>
</head>
<body>
  <div class='ocr_page' id='page_1' title='image "./pvergilimaronis07virggoog/pvergilimaronis07virggoog_0241.png"; bbox 0 0 1972 3164; ppageno 0'>
   <div class='ocr_carea' id='block_1_1' title="bbox 447 169 743 213">
    <p class='ocr_par' dir='ltr' id='par_1_1' title="bbox 447 169 743 213">
     <span class='ocr_line' id='line_1_1' title="bbox 447 169 743 213; baseline 0.01 -3"><span class='ocrx_word' id='word_1_1' title='bbox 447 172 469 210; x_wconf 89' lang='lat' dir='ltr'>P.</span> <span class='ocrx_word' id='word_1_2' title='bbox 482 169 602 211; x_wconf 81' lang='lat' dir='ltr'><strong>VERGILI</strong></span> <span class='ocrx_word' id='word_1_3' title='bbox 614 172 743 213; x_wconf 80' lang='lat' dir='ltr'>MARONIS</span> 
     </span>
    </p>
   </div>
   <div class='ocr_carea' id='block_1_2' title="bbox 208 269 940 2510">
    <p class='ocr_par' dir='ltr' id='par_1_2' title="bbox 257 269 861 395">
     <span class='ocr_line' id='line_1_2' title="bbox 258 269 781 326; baseline 0 -10"><span class='ocrx_word' id='word_1_4' title='bbox 258 269 383 326; x_wconf 81' lang='lat' dir='ltr'>Troianos,</span> <span class='ocrx_word' id='word_1_5' title='bbox 394 269 481 326; x_wconf 89' lang='lat' dir='ltr'>siquid</span> <span class='ocrx_word' id='word_1_6' title='bbox 490 270 568 326; x_wconf 89' lang='lat' dir='ltr'>pictas</span> <span class='ocrx_word' id='word_1_7' title='bbox 577 270 678 325; x_wconf 87' lang='lat' dir='ltr'>antiqua</span> <span class='ocrx_word' id='word_1_8' title='bbox 686 269 781 317; x_wconf 84' lang='lat' dir='ltr'>labores</span> 
     </span>
     <span class='ocr_line' id='line_1_3' title="bbox 257 336 861 395; baseline 0 -10"><span class='ocrx_word' id='word_1_9' title='bbox 257 338 356 394; x_wconf 74' lang='lat' dir='ltr'><strong>respicit</strong></span> <span class='ocrx_word' id='word_1_10' title='bbox 364 337 493 395; x_wconf 83' lang='lat' dir='ltr'>humanos,</span> <span class='ocrx_word' id='word_1_11' title='bbox 504 338 536 385; x_wconf 82' lang='lat' dir='ltr'>da</span> <span class='ocrx_word' id='word_1_12' title='bbox 545 337 667 384; x_wconf 85' lang='lat' dir='ltr'>flammam</span> <span class='ocrx_word' id='word_1_13' title='bbox 677 338 778 386; x_wconf 87' lang='lat' dir='ltr'>evadere</span> <span class='ocrx_word' id='word_1_14' title='bbox 788 336 861 386; x_wconf 86' lang='lat' dir='ltr'>classi</span> 
     </span>
    </p>

    <p class='ocr_par' dir='ltr' id='par_1_3' title="bbox 208 405 934 1077">
     <span class='ocr_line' id='line_1_4' title="bbox 208 405 885 466; baseline 0.004 -14"><span class='ocrx_word' id='word_1_15' title='bbox 208 417 246 464; x_wconf 84' lang='lat'>690</span> <span class='ocrx_word' id='word_1_16' title='bbox 257 422 331 464; x_wconf 86' lang='lat' dir='ltr'>nunc,</span> <span class='ocrx_word' id='word_1_17' title='bbox 342 407 425 464; x_wconf 87' lang='lat' dir='ltr'>Pater,</span> <span class='ocrx_word' id='word_1_18' title='bbox 436 408 462 455; x_wconf 88' lang='lat' dir='ltr'>et</span> <span class='ocrx_word' id='word_1_19' title='bbox 471 408 555 454; x_wconf 90' lang='lat' dir='ltr'>tenues</span> <span class='ocrx_word' id='word_1_20' title='bbox 566 405 686 454; x_wconf 77' lang='lat' dir='ltr'>Teucrum</span> <span class='ocrx_word' id='word_1_21' title='bbox 695 420 734 453; x_wconf 87' lang='lat' dir='ltr'>res</span> <span class='ocrx_word' id='word_1_22' title='bbox 744 406 810 462; x_wconf 88' lang='lat' dir='ltr'>eripe</span> <span class='ocrx_word' id='word_1_23' title='bbox 819 407 870 455; x_wconf 89' lang='lat' dir='ltr'>leto</span> <span class='ocrx_word' id='word_1_24' title='bbox 878 428 885 466; x_wconf 75' lang='grc' dir='ltr'><strong>ς</strong></span> 
     </span>
     <span class='ocr_line' id='line_1_5' title="bbox 257 473 846 533; baseline 0.003 -13"><span class='ocrx_word' id='word_1_25' title='bbox 257 475 343 532; x_wconf 81' lang='lat' dir='ltr'>voltu,</span> <span class='ocrx_word' id='word_1_26' title='bbox 354 475 417 530; x_wconf 92' lang='lat' dir='ltr'>quod</span> <span class='ocrx_word' id='word_1_27' title='bbox 427 476 545 531; x_wconf 76' lang='lat' dir='ltr'>superest,</span> <span class='ocrx_word' id='word_1_28' title='bbox 556 473 645 521; x_wconf 82' lang='lat' dir='ltr'>infesto</span> <span class='ocrx_word' id='word_1_29' title='bbox 654 474 756 521; x_wconf 83' lang='lat' dir='ltr'>fulmine</span> <span class='ocrx_word' id='word_1_30' title='bbox 764 476 846 533; x_wconf 88' lang='lat' dir='ltr'>morti,</span> 
     </span>
     <span class='ocr_line' id='line_1_6' title="bbox 258 541 845 598; baseline 0 -8"><span class='ocrx_word' id='word_1_31' title='bbox 258 543 389 598; x_wconf 74' lang='lat' dir='ltr'>simeram,</span> <span class='ocrx_word' id='word_1_32' title='bbox 400 542 500 589; x_wconf 88' lang='lat' dir='ltr'>demitte</span> <span class='ocrx_word' id='word_1_33' title='bbox 510 544 600 597; x_wconf 85' lang='lat' dir='ltr'>tuaque</span> <span class='ocrx_word' id='word_1_34' title='bbox 609 542 648 589; x_wconf 90' lang='lat' dir='ltr'>hic</span> <span class='ocrx_word' id='word_1_35' title='bbox 657 541 731 589; x_wconf 87' lang='lat' dir='ltr'>obrue</span> <span class='ocrx_word' id='word_1_36' title='bbox 741 543 845 590; x_wconf 64' lang='lat' dir='ltr'>dextra!</span> 
     </span>
     <span class='ocr_line' id='line_1_7' title="bbox 258 609 852 667; baseline -0.002 -8"><span class='ocrx_word' id='word_1_37' title='bbox 258 612 306 659; x_wconf 84' lang='lat' dir='ltr'>Vix</span> <span class='ocrx_word' id='word_1_38' title='bbox 315 611 375 658; x_wconf 83' lang='lat' dir='ltr'>baec</span> <span class='ocrx_word' id='word_1_39' title='bbox 385 611 503 667; x_wconf 74' lang='lat' dir='ltr'>ediderat,</span> <span class='ocrx_word' id='word_1_40' title='bbox 512 626 567 656; x_wconf 89' lang='lat' dir='ltr'>eum</span> <span class='ocrx_word' id='word_1_41' title='bbox 577 610 659 657; x_wconf 85' lang='lat' dir='ltr'>effusis</span> <span class='ocrx_word' id='word_1_42' title='bbox 668 609 786 657; x_wconf 76' lang='lat' dir='ltr'>imbribus</span> <span class='ocrx_word' id='word_1_43' title='bbox 795 613 852 659; x_wconf 83' lang='lat' dir='ltr'>atra</span> 
     </span>
     <span class='ocr_line' id='line_1_8' title="bbox 257 678 918 734; baseline 0.002 -7"><span class='ocrx_word' id='word_1_44' title='bbox 257 681 389 734; x_wconf 85' lang='lat' dir='ltr'>tempestas</span> <span class='ocrx_word' id='word_1_45' title='bbox 399 679 452 725; x_wconf 89' lang='lat' dir='ltr'>sine</span> <span class='ocrx_word' id='word_1_46' title='bbox 461 693 528 725; x_wconf 91' lang='lat' dir='ltr'>more</span> <span class='ocrx_word' id='word_1_47' title='bbox 536 678 607 734; x_wconf 82' lang='lat' dir='ltr'>furit,</span> <span class='ocrx_word' id='word_1_48' title='bbox 618 678 757 734; x_wconf 88' lang='lat' dir='ltr'>tonitruque</span> <span class='ocrx_word' id='word_1_49' title='bbox 766 681 918 728; x_wconf 84' lang='lat' dir='ltr'>tremescunt</span> 
     </span>
     <span class='ocr_line' id='line_1_9' title="bbox 259 747 840 802; baseline 0.002 -8"><span class='ocrx_word' id='word_1_50' title='bbox 259 747 336 797; x_wconf 83' lang='lat' dir='ltr'>ardua</span> <span class='ocrx_word' id='word_1_51' title='bbox 344 749 468 793; x_wconf 85' lang='lat' dir='ltr'>terrarum</span> <span class='ocrx_word' id='word_1_52' title='bbox 477 748 502 793; x_wconf 91' lang='lat' dir='ltr'>et</span> <span class='ocrx_word' id='word_1_53' title='bbox 512 747 591 802; x_wconf 89' lang='lat' dir='ltr'>campi</span> <span class='ocrx_word' id='word_1_54' title='bbox 600 768 605 793; x_wconf 88' lang='lat'>:</span> <span class='ocrx_word' id='word_1_55' title='bbox 621 747 672 793; x_wconf 89' lang='lat' dir='ltr'>ruit</span> <span class='ocrx_word' id='word_1_56' title='bbox 679 747 777 794; x_wconf 86' lang='lat' dir='ltr'>aethere</span> <span class='ocrx_word' id='word_1_57' title='bbox 786 749 840 796; x_wconf 90' lang='lat' dir='ltr'>toto</span> 
     </span>
     <span class='ocr_line' id='line_1_10' title="bbox 258 815 934 877; baseline 0.004 -15"><span class='ocrx_word' id='word_1_58' title='bbox 258 815 370 862; x_wconf 87' lang='lat' dir='ltr'>turbidus</span> <span class='ocrx_word' id='word_1_59' title='bbox 379 815 456 862; x_wconf 85' lang='lat' dir='ltr'>imber</span> <span class='ocrx_word' id='word_1_60' title='bbox 466 831 529 870; x_wconf 85' lang='lat' dir='ltr'>aqua</span> <span class='ocrx_word' id='word_1_61' title='bbox 538 816 663 870; x_wconf 84' lang='lat' dir='ltr'>densisque</span> <span class='ocrx_word' id='word_1_62' title='bbox 672 815 817 872; x_wconf 78' lang='lat' dir='ltr'>nigerrimus</span> <span class='ocrx_word' id='word_1_63' title='bbox 824 817 934 877; x_wconf 88' lang='lat' dir='ltr'>Austris,</span> 
     </span>
     <span class='ocr_line' id='line_1_11' title="bbox 259 883 908 940; baseline 0.005 -10"><span class='ocrx_word' id='word_1_64' title='bbox 259 884 437 940; x_wconf 76' lang='lat' dir='ltr'>implenturque</span> <span class='ocrx_word' id='word_1_65' title='bbox 448 899 520 939; x_wconf 90' lang='lat' dir='ltr'>super</span> <span class='ocrx_word' id='word_1_66' title='bbox 529 887 629 940; x_wconf 83' lang='lat' dir='ltr'>puppes,</span> <span class='ocrx_word' id='word_1_67' title='bbox 640 883 755 930; x_wconf 85' lang='lat' dir='ltr'>semiusta</span> <span class='ocrx_word' id='word_1_68' title='bbox 764 885 908 933; x_wconf 85' lang='lat' dir='ltr'>madescunt</span> 
     </span>
     <span class='ocr_line' id='line_1_12' title="bbox 259 952 888 1013; baseline 0.002 -14"><span class='ocrx_word' id='word_1_69' title='bbox 259 952 354 1010; x_wconf 89' lang='lat' dir='ltr'>robora,</span> <span class='ocrx_word' id='word_1_70' title='bbox 365 952 496 999; x_wconf 89' lang='lat' dir='ltr'>restinctus</span> <span class='ocrx_word' id='word_1_71' title='bbox 506 952 581 999; x_wconf 88' lang='lat' dir='ltr'>donee</span> <span class='ocrx_word' id='word_1_72' title='bbox 590 967 666 1007; x_wconf 85' lang='lat' dir='ltr'>vapor</span> <span class='ocrx_word' id='word_1_73' title='bbox 675 952 752 999; x_wconf 91' lang='lat' dir='ltr'>omnis</span> <span class='ocrx_word' id='word_1_74' title='bbox 760 953 786 999; x_wconf 89' lang='lat' dir='ltr'>et</span> <span class='ocrx_word' id='word_1_75' title='bbox 796 969 888 1013; x_wconf 85' lang='lat' dir='ltr'>omnes,</span> 
     </span>
     <span class='ocr_line' id='line_1_13' title="bbox 260 1021 824 1077; baseline 0.002 -9"><span class='ocrx_word' id='word_1_76' title='bbox 260 1023 376 1077; x_wconf 83' lang='lat' dir='ltr'>quattuor</span> <span class='ocrx_word' id='word_1_77' title='bbox 385 1021 487 1077; x_wconf 88' lang='lat' dir='ltr'>amissis,</span> <span class='ocrx_word' id='word_1_78' title='bbox 498 1023 608 1068; x_wconf 76' lang='lat' dir='ltr'>servatae</span> <span class='ocrx_word' id='word_1_79' title='bbox 618 1036 633 1067; x_wconf 87' lang='lat' dir='ltr'>a</span> <span class='ocrx_word' id='word_1_80' title='bbox 642 1023 710 1076; x_wconf 90' lang='lat' dir='ltr'>peste</span> <span class='ocrx_word' id='word_1_81' title='bbox 720 1021 824 1070; x_wconf 84' lang='lat' dir='ltr'>carinae.</span> 
     </span>
    </p>

    <p class='ocr_par' dir='ltr' id='par_1_4' title="bbox 212 1089 940 1760">
     <span class='ocr_line' id='line_1_14' title="bbox 212 1089 828 1147; baseline 0.005 -13"><span class='ocrx_word' id='word_1_82' title='bbox 212 1107 249 1144; x_wconf 68' lang='grc' dir='ltr'>γοα</span> <span class='ocrx_word' id='word_1_83' title='bbox 288 1091 324 1137; x_wconf 87' lang='lat' dir='ltr'>At</span> <span class='ocrx_word' id='word_1_84' title='bbox 333 1091 404 1145; x_wconf 87' lang='lat' dir='ltr'>pater</span> <span class='ocrx_word' id='word_1_85' title='bbox 413 1089 516 1146; x_wconf 88' lang='lat' dir='ltr'>Aeneas,</span> <span class='ocrx_word' id='word_1_86' title='bbox 525 1104 583 1136; x_wconf 89' lang='lat' dir='ltr'>casu</span> <span class='ocrx_word' id='word_1_87' title='bbox 593 1103 722 1136; x_wconf 75' lang='lat' dir='ltr'>conensem</span> <span class='ocrx_word' id='word_1_88' title='bbox 732 1089 828 1147; x_wconf 86' lang='lat' dir='ltr'>acerbo,</span> 
     </span>
     <span class='ocr_line' id='line_1_15' title="bbox 260 1156 842 1216; baseline 0 -11"><span class='ocrx_word' id='word_1_89' title='bbox 260 1174 325 1206; x_wconf 90' lang='lat' dir='ltr'>nune</span> <span class='ocrx_word' id='word_1_90' title='bbox 335 1159 383 1206; x_wconf 90' lang='lat' dir='ltr'>buc</span> <span class='ocrx_word' id='word_1_91' title='bbox 392 1157 511 1216; x_wconf 84' lang='lat' dir='ltr'>ingentes,</span> <span class='ocrx_word' id='word_1_92' title='bbox 522 1172 587 1204; x_wconf 90' lang='lat' dir='ltr'>nunc</span> <span class='ocrx_word' id='word_1_93' title='bbox 596 1156 654 1204; x_wconf 92' lang='lat' dir='ltr'>illuc</span> <span class='ocrx_word' id='word_1_94' title='bbox 664 1159 760 1212; x_wconf 88' lang='lat' dir='ltr'>pectore</span> <span class='ocrx_word' id='word_1_95' title='bbox 771 1173 842 1205; x_wconf 84' lang='lat' dir='ltr'>curas</span> 
     </span>
     <span class='ocr_line' id='line_1_16' title="bbox 260 1225 818 1283; baseline -0.002 -9"><span class='ocrx_word' id='word_1_96' title='bbox 260 1227 373 1274; x_wconf 84' lang='lat' dir='ltr'>mutabat</span> <span class='ocrx_word' id='word_1_97' title='bbox 382 1241 489 1283; x_wconf 86' lang='lat' dir='ltr'>versans,</span> <span class='ocrx_word' id='word_1_98' title='bbox 500 1226 616 1273; x_wconf 84' lang='lat' dir='ltr'>Siculisne</span> <span class='ocrx_word' id='word_1_99' title='bbox 626 1225 743 1272; x_wconf 70' lang='lat' dir='ltr'>resideret</span> <span class='ocrx_word' id='word_1_100' title='bbox 753 1226 818 1273; x_wconf 86' lang='lat' dir='ltr'>arvis</span> 
     </span>
     <span class='ocr_line' id='line_1_17' title="bbox 261 1295 813 1352; baseline -0.005 -9"><span class='ocrx_word' id='word_1_101' title='bbox 261 1296 350 1343; x_wconf 86' lang='lat' dir='ltr'>oblitus</span> <span class='ocrx_word' id='word_1_102' title='bbox 360 1296 476 1352; x_wconf 81' lang='lat' dir='ltr'>fatorum,</span> <span class='ocrx_word' id='word_1_103' title='bbox 488 1295 595 1342; x_wconf 78' lang='lat' dir='ltr'>Italasne</span> <span class='ocrx_word' id='word_1_104' title='bbox 606 1295 739 1350; x_wconf 73' lang='lat' dir='ltr'>capesseret</span> <span class='ocrx_word' id='word_1_105' title='bbox 750 1309 813 1341; x_wconf 89' lang='lat' dir='ltr'>oras.</span> 
     </span>
     <span class='ocr_line' id='line_1_18' title="bbox 261 1362 827 1420; baseline -0.002 -9"><span class='ocrx_word' id='word_1_106' title='bbox 261 1365 325 1411; x_wconf 83' lang='lat' dir='ltr'>Tum</span> <span class='ocrx_word' id='word_1_107' title='bbox 335 1364 414 1411; x_wconf 88' lang='lat' dir='ltr'>senior</span> <span class='ocrx_word' id='word_1_108' title='bbox 423 1364 527 1420; x_wconf 84' lang='lat' dir='ltr'>Nautes,</span> <span class='ocrx_word' id='word_1_109' title='bbox 537 1378 613 1409; x_wconf 91' lang='lat' dir='ltr'>unum</span> <span class='ocrx_word' id='word_1_110' title='bbox 624 1362 735 1409; x_wconf 80' lang='lat' dir='ltr'>Tritonia</span> <span class='ocrx_word' id='word_1_111' title='bbox 744 1363 827 1410; x_wconf 86' lang='lat' dir='ltr'>Pallas</span> 
     </span>
     <span class='ocr_line' id='line_1_19' title="bbox 261 1430 863 1487; baseline 0 -9"><span class='ocrx_word' id='word_1_112' title='bbox 261 1447 332 1487; x_wconf 88' lang='lat' dir='ltr'>quem</span> <span class='ocrx_word' id='word_1_113' title='bbox 342 1431 424 1478; x_wconf 90' lang='lat' dir='ltr'>docuit</span> <span class='ocrx_word' id='word_1_114' title='bbox 434 1431 557 1486; x_wconf 88' lang='lat' dir='ltr'>multaque</span> <span class='ocrx_word' id='word_1_115' title='bbox 566 1430 685 1486; x_wconf 78' lang='lat' dir='ltr'>insignem</span> <span class='ocrx_word' id='word_1_116' title='bbox 694 1431 799 1477; x_wconf 88' lang='lat' dir='ltr'>reddidit</span> <span class='ocrx_word' id='word_1_117' title='bbox 809 1433 863 1478; x_wconf 85' lang='lat' dir='ltr'>arte</span> 
     </span>
     <span class='ocr_line' id='line_1_20' title="bbox 262 1498 877 1556; baseline -0.003 -9"><span class='ocrx_word' id='word_1_118' title='bbox 262 1499 329 1556; x_wconf 86' lang='lat' dir='ltr'>(haec</span> <span class='ocrx_word' id='word_1_119' title='bbox 339 1514 454 1555; x_wconf 88' lang='lat' dir='ltr'>respousa</span> <span class='ocrx_word' id='word_1_120' title='bbox 461 1498 593 1555; x_wconf 64' lang='lat' dir='ltr'>dabat-vel</span> <span class='ocrx_word' id='word_1_121' title='bbox 603 1513 663 1553; x_wconf 84' lang='lat' dir='ltr'>quae</span> <span class='ocrx_word' id='word_1_122' title='bbox 673 1498 829 1553; x_wconf 89' lang='lat' dir='ltr'>portenderet</span> <span class='ocrx_word' id='word_1_123' title='bbox 838 1498 877 1545; x_wconf 87' lang='lat' dir='ltr'>ira</span> 
     </span>
     <span class='ocr_line' id='line_1_21' title="bbox 262 1565 883 1624; baseline 0 -11"><span class='ocrx_word' id='word_1_124' title='bbox 262 1583 352 1623; x_wconf 79' lang='lat' dir='ltr'>magua</span> <span class='ocrx_word' id='word_1_125' title='bbox 361 1567 441 1624; x_wconf 88' lang='lat' dir='ltr'>deum,</span> <span class='ocrx_word' id='word_1_126' title='bbox 452 1566 491 1614; x_wconf 84' lang='lat' dir='ltr'>vel</span> <span class='ocrx_word' id='word_1_127' title='bbox 500 1581 560 1622; x_wconf 86' lang='lat' dir='ltr'>quae</span> <span class='ocrx_word' id='word_1_128' title='bbox 570 1566 677 1612; x_wconf 81' lang='lat' dir='ltr'>fatorum</span> <span class='ocrx_word' id='word_1_129' title='bbox 686 1567 795 1621; x_wconf 91' lang='lat' dir='ltr'>posceret</span> <span class='ocrx_word' id='word_1_130' title='bbox 805 1565 883 1624; x_wconf 88' lang='lat' dir='ltr'>ordo),</span> 
     </span>
     <span class='ocr_line' id='line_1_22' title="bbox 262 1634 771 1690; baseline 0 -9"><span class='ocrx_word' id='word_1_131' title='bbox 262 1635 328 1690; x_wconf 89' lang='lat' dir='ltr'>isque</span> <span class='ocrx_word' id='word_1_132' title='bbox 338 1635 375 1682; x_wconf 89' lang='lat' dir='ltr'>bis</span> <span class='ocrx_word' id='word_1_133' title='bbox 385 1636 485 1682; x_wconf 87' lang='lat' dir='ltr'>Aenean</span> <span class='ocrx_word' id='word_1_134' title='bbox 495 1634 586 1681; x_wconf 87' lang='lat' dir='ltr'>solatus</span> <span class='ocrx_word' id='word_1_135' title='bbox 595 1635 693 1681; x_wconf 85' lang='lat' dir='ltr'>vocibus</span> <span class='ocrx_word' id='word_1_136' title='bbox 703 1634 771 1682; x_wconf 85' lang='lat' dir='ltr'>infit:</span> 
     </span>
     <span class='ocr_line' id='line_1_23' title="bbox 264 1702 940 1760; baseline 0.003 -11"><span class='ocrx_word' id='word_1_137' title='bbox 264 1702 269 1723; x_wconf 92' lang='lat'>‘</span> <span class='ocrx_word' id='word_1_138' title='bbox 281 1703 346 1750; x_wconf 85' lang='lat' dir='ltr'>Nate</span> <span class='ocrx_word' id='word_1_139' title='bbox 367 1703 419 1760; x_wconf 84' lang='lat' dir='ltr'>deu,</span> <span class='ocrx_word' id='word_1_140' title='bbox 440 1719 486 1758; x_wconf 94' lang='lat' dir='ltr'>quo</span> <span class='ocrx_word' id='word_1_141' title='bbox 511 1703 565 1750; x_wconf 81' lang='lat' dir='ltr'>fata</span> <span class='ocrx_word' id='word_1_142' title='bbox 583 1703 686 1749; x_wconf 82' lang='lat' dir='ltr'>trahunt</span> <span class='ocrx_word' id='word_1_143' title='bbox 705 1703 882 1759; x_wconf 85' lang='lat' dir='ltr'>retrahuntque</span> <span class='ocrx_word' id='word_1_144' title='bbox 904 1719 940 1751; x_wconf 85' lang='lat' dir='ltr'>se·</span> 
     </span>
    </p>

    <p class='ocr_par' dir='ltr' id='par_1_5' title="bbox 319 1786 436 1828">
     <span class='ocr_line' id='line_1_24' title="bbox 319 1786 436 1828; baseline 0.009 -12"><span class='ocrx_word' id='word_1_145' title='bbox 319 1786 436 1828; x_wconf 90' lang='lat' dir='ltr'>quamur;</span> 
     </span>
    </p>

    <p class='ocr_par' dir='ltr' id='par_1_6' title="bbox 214 1838 940 2306">
     <span class='ocr_line' id='line_1_25' title="bbox 214 1838 939 1895; baseline 0.004 -11"><span class='ocrx_word' id='word_1_146' title='bbox 214 1858 251 1894; x_wconf 84' lang='lat'>710</span> <span class='ocrx_word' id='word_1_147' title='bbox 262 1838 377 1895; x_wconf 91' lang='lat' dir='ltr'>quidquid</span> <span class='ocrx_word' id='word_1_148' title='bbox 384 1839 439 1895; x_wconf 88' lang='lat' dir='ltr'>erit,</span> <span class='ocrx_word' id='word_1_149' title='bbox 449 1841 585 1895; x_wconf 88' lang='lat' dir='ltr'>superanda</span> <span class='ocrx_word' id='word_1_150' title='bbox 591 1841 668 1887; x_wconf 87' lang='lat' dir='ltr'>omnis</span> <span class='ocrx_word' id='word_1_151' title='bbox 674 1841 775 1887; x_wconf 81' lang='lat' dir='ltr'>fortuna</span> <span class='ocrx_word' id='word_1_152' title='bbox 781 1840 884 1887; x_wconf 85' lang='lat' dir='ltr'>ferendo</span> <span class='ocrx_word' id='word_1_153' title='bbox 891 1841 939 1887; x_wconf 82' lang='lat' dir='ltr'>est.</span> 
     </span>
     <span class='ocr_line' id='line_1_26' title="bbox 263 1906 830 1966; baseline 0.002 -11"><span class='ocrx_word' id='word_1_154' title='bbox 263 1909 310 1955; x_wconf 82' lang='lat' dir='ltr'>Est</span> <span class='ocrx_word' id='word_1_155' title='bbox 319 1906 365 1953; x_wconf 89' lang='lat' dir='ltr'>tibi</span> <span class='ocrx_word' id='word_1_156' title='bbox 374 1906 514 1954; x_wconf 87' lang='lat' dir='ltr'>Dardanius</span> <span class='ocrx_word' id='word_1_157' title='bbox 525 1909 619 1956; x_wconf 84' lang='lat' dir='ltr'>divinae</span> <span class='ocrx_word' id='word_1_158' title='bbox 629 1910 712 1966; x_wconf 83' lang='lat' dir='ltr'>stirpis</span> <span class='ocrx_word' id='word_1_159' title='bbox 721 1909 830 1957; x_wconf 86' lang='lat' dir='ltr'>Acestes.</span> 
     </span>
     <span class='ocr_line' id='line_1_27' title="bbox 264 1976 930 2033; baseline -0.002 -10"><span class='ocrx_word' id='word_1_160' title='bbox 264 1977 337 2023; x_wconf 89' lang='lat' dir='ltr'>Hune</span> <span class='ocrx_word' id='word_1_161' title='bbox 348 1989 405 2030; x_wconf 88' lang='lat' dir='ltr'>cape</span> <span class='ocrx_word' id='word_1_162' title='bbox 415 1976 520 2022; x_wconf 88' lang='lat' dir='ltr'>consiliis</span> <span class='ocrx_word' id='word_1_163' title='bbox 531 1977 621 2023; x_wconf 88' lang='lat' dir='ltr'>socium</span> <span class='ocrx_word' id='word_1_164' title='bbox 631 1978 657 2024; x_wconf 89' lang='lat' dir='ltr'>et</span> <span class='ocrx_word' id='word_1_165' title='bbox 663 1978 781 2033; x_wconf 78' lang='lat' dir='ltr'>coniunge</span> <span class='ocrx_word' id='word_1_166' title='bbox 790 1976 912 2024; x_wconf 85' lang='lat' dir='ltr'>volentem</span> <span class='ocrx_word' id='word_1_167' title='bbox 923 1996 930 2033; x_wconf 82' lang='lat'>3</span> 
     </span>
     <span class='ocr_line' id='line_1_28' title="bbox 262 2044 905 2101; baseline -0.003 -9"><span class='ocrx_word' id='word_1_168' title='bbox 262 2044 319 2092; x_wconf 90' lang='lat' dir='ltr'>huic</span> <span class='ocrx_word' id='word_1_169' title='bbox 328 2044 398 2091; x_wconf 87' lang='lat' dir='ltr'>trade</span> <span class='ocrx_word' id='word_1_170' title='bbox 408 2044 502 2090; x_wconf 87' lang='lat' dir='ltr'>amissis</span> <span class='ocrx_word' id='word_1_171' title='bbox 512 2046 629 2100; x_wconf 86' lang='lat' dir='ltr'>superant</span> <span class='ocrx_word' id='word_1_172' title='bbox 638 2045 679 2100; x_wconf 91' lang='lat' dir='ltr'>qui</span> <span class='ocrx_word' id='word_1_173' title='bbox 688 2045 798 2101; x_wconf 85' lang='lat' dir='ltr'>navibus,</span> <span class='ocrx_word' id='word_1_174' title='bbox 809 2046 834 2091; x_wconf 90' lang='lat' dir='ltr'>et</span> <span class='ocrx_word' id='word_1_175' title='bbox 844 2059 905 2099; x_wconf 86' lang='lat' dir='ltr'>quos</span> 
     </span>
     <span class='ocr_line' id='line_1_29' title="bbox 263 2112 904 2169; baseline -0.003 -9"><span class='ocrx_word' id='word_1_176' title='bbox 263 2115 402 2169; x_wconf 84' lang='lat' dir='ltr'>pertaesum</span> <span class='ocrx_word' id='word_1_177' title='bbox 411 2112 494 2167; x_wconf 76' lang='lat' dir='ltr'>magni</span> <span class='ocrx_word' id='word_1_178' title='bbox 503 2112 593 2168; x_wconf 88' lang='lat' dir='ltr'>incepti</span> <span class='ocrx_word' id='word_1_179' title='bbox 603 2128 730 2167; x_wconf 87' lang='lat' dir='ltr'>rerumque</span> <span class='ocrx_word' id='word_1_180' title='bbox 740 2115 840 2159; x_wconf 83' lang='lat' dir='ltr'>tuarum</span> <span class='ocrx_word' id='word_1_181' title='bbox 850 2114 904 2168; x_wconf 85' lang='lat' dir='ltr'>est;</span> 
     </span>
     <span class='ocr_line' id='line_1_30' title="bbox 263 2181 862 2239; baseline -0.002 -12"><span class='ocrx_word' id='word_1_182' title='bbox 263 2182 438 2239; x_wconf 80' lang='lat' dir='ltr'>longaevosque</span> <span class='ocrx_word' id='word_1_183' title='bbox 448 2195 516 2226; x_wconf 89' lang='lat' dir='ltr'>senes</span> <span class='ocrx_word' id='word_1_184' title='bbox 526 2196 554 2226; x_wconf 90' lang='lat' dir='ltr'>ae</span> <span class='ocrx_word' id='word_1_185' title='bbox 564 2181 640 2227; x_wconf 84' lang='lat' dir='ltr'>fessas</span> <span class='ocrx_word' id='word_1_186' title='bbox 650 2196 752 2236; x_wconf 89' lang='lat' dir='ltr'>aequore</span> <span class='ocrx_word' id='word_1_187' title='bbox 762 2181 862 2236; x_wconf 86' lang='lat' dir='ltr'>matres,</span> 
     </span>
     <span class='ocr_line' id='line_1_31' title="bbox 263 2248 940 2306; baseline -0.004 -9"><span class='ocrx_word' id='word_1_188' title='bbox 263 2251 289 2296; x_wconf 91' lang='lat' dir='ltr'>et</span> <span class='ocrx_word' id='word_1_189' title='bbox 304 2249 418 2306; x_wconf 89' lang='lat' dir='ltr'>quidquid</span> <span class='ocrx_word' id='word_1_190' title='bbox 435 2251 515 2295; x_wconf 89' lang='lat' dir='ltr'>tecum</span> <span class='ocrx_word' id='word_1_191' title='bbox 533 2248 665 2295; x_wconf 86' lang='lat' dir='ltr'>invalidum</span> <span class='ocrx_word' id='word_1_192' title='bbox 681 2250 837 2303; x_wconf 88' lang='lat' dir='ltr'>metuensque</span> <span class='ocrx_word' id='word_1_193' title='bbox 855 2248 940 2303; x_wconf 85' lang='lat' dir='ltr'>pericli</span> 
     </span>
    </p>

    <p class='ocr_par' dir='ltr' id='par_1_7' title="bbox 320 2321 366 2375">
     <span class='ocr_line' id='line_1_32' title="bbox 320 2321 366 2375; baseline 0 -10"><span class='ocrx_word' id='word_1_194' title='bbox 320 2321 366 2375; x_wconf 89' lang='lat' dir='ltr'>est,</span> 
     </span>
    </p>

    <p class='ocr_par' dir='ltr' id='par_1_8' title="bbox 264 2385 891 2510">
     <span class='ocr_line' id='line_1_33' title="bbox 264 2385 877 2443; baseline 0 -11"><span class='ocrx_word' id='word_1_195' title='bbox 264 2387 350 2443; x_wconf 74' lang='lat' dir='ltr'>delige,</span> <span class='ocrx_word' id='word_1_196' title='bbox 360 2388 386 2433; x_wconf 90' lang='lat' dir='ltr'>ot</span> <span class='ocrx_word' id='word_1_197' title='bbox 395 2386 432 2432; x_wconf 89' lang='lat' dir='ltr'>his</span> <span class='ocrx_word' id='word_1_198' title='bbox 442 2386 547 2432; x_wconf 87' lang='lat' dir='ltr'>habeant</span> <span class='ocrx_word' id='word_1_199' title='bbox 557 2385 630 2432; x_wconf 86' lang='lat' dir='ltr'>terris</span> <span class='ocrx_word' id='word_1_200' title='bbox 641 2386 691 2432; x_wconf 91' lang='lat' dir='ltr'>sino</span> <span class='ocrx_word' id='word_1_201' title='bbox 701 2386 795 2433; x_wconf 80' lang='lat' dir='ltr'>moenia</span> <span class='ocrx_word' id='word_1_202' title='bbox 804 2385 877 2433; x_wconf 83' lang='lat' dir='ltr'>fessi:</span> 
     </span>
     <span class='ocr_line' id='line_1_34' title="bbox 264 2455 891 2510; baseline 0 -10"><span class='ocrx_word' id='word_1_203' title='bbox 264 2455 349 2500; x_wconf 91' lang='lat' dir='ltr'>urbem</span> <span class='ocrx_word' id='word_1_204' title='bbox 359 2455 516 2510; x_wconf 88' lang='lat' dir='ltr'>appellabunt</span> <span class='ocrx_word' id='word_1_205' title='bbox 526 2455 641 2509; x_wconf 88' lang='lat' dir='ltr'>permisso</span> <span class='ocrx_word' id='word_1_206' title='bbox 650 2455 747 2501; x_wconf 90' lang='lat' dir='ltr'>nomino</span> <span class='ocrx_word' id='word_1_207' title='bbox 756 2455 891 2502; x_wconf 84' lang='lat' dir='ltr'>Acestam.’</span> 
     </span>
    </p>
   </div>
   <div class='ocr_carea' id='block_1_3' title="bbox 311 2521 382 2570">
    <p class='ocr_par' dir='ltr' id='par_1_9' title="bbox 311 2521 382 2570">
     <span class='ocr_line' id='line_1_35' title="bbox 311 2521 382 2570; baseline 0 0"><span class='ocrx_word' id='word_1_208' title='bbox 311 2521 382 2570; x_wconf 78' lang='lat'><em>(232)</em></span> 
     </span>
    </p>
   </div>
   <div class='ocr_carea' id='block_1_4' title="bbox 0 0 1001 3164">
    <p class='ocr_par' dir='ltr' id='par_1_10' title="bbox 0 0 1001 3164">
     <span class='ocr_line' id='line_1_36' title="bbox 0 0 1001 3164; baseline 0 0"><span class='ocrx_word' id='word_1_209' title='bbox 0 0 1001 3164; x_wconf 95' lang='lat' dir='ltr'> </span> 
     </span>
    </p>
   </div>
  </div>
 </body>
</html>
