1972 3164
315 171 425 212 AENEIS.
450 173 482 212 XI

15 261 18 267 ’
61 267 166 322 hospitia
174 269 200 314 ct
210 269 287 315 Turni
296 269 375 324 potius
386 285 411 316 se
421 269 524 317 credidit
533 270 615 317 armis.

60 333 168 389 Aequius
178 334 234 383 huic
243 336 355 382 Turnum
365 335 448 384 fuerat
458 352 483 383 se
492 351 612 392 opponere
622 336 710 384 morti:

60 401 82 448 si
91 401 182 449 bellum
191 403 262 450 finire
271 419 353 461 manu,
365 404 385 450 si
395 405 484 460 pellere
495 405 600 452 Teucros
643 447 645 451 .

60 472 174 529 apparat,
184 472 223 519 his
233 488 327 520 mecum
337 472 418 521 decuit
428 489 571 520 concurrere
581 473 636 520 telis
646 494 651 516 ε

60 539 136 595 vixet‚
148 540 186 587 cui
196 540 273 587 vitam
283 541 340 588 deus
351 543 395 588 aut
405 557 450 589 sua
458 541 546 589 dextra
555 542 669 590 dedisset.

61 607 136 655 Nunc
145 608 179 655 ite
189 611 214 655 ct
225 609 318 657 miseris
329 611 456 666 supponite
466 611 556 658 civibus
566 611 665 668 ignem!

14 695 51 722 120
62 677 167 724 Dixerat
177 678 280 726 Aeneas.
310 679 351 726 llli
361 680 506 735 obstupuere
517 680 622 736 silentes,

61 746 216 801 conversique
226 747 307 794 oculos
316 748 382 795 inter
391 764 416 795 se
426 750 498 805 atque
508 763 551 795 ora
560 747 686 795 tenebant.

61 813 126 861 Tum
137 815 216 862 senior
226 831 367 872 semperque
377 817 437 864 odiis
447 819 471 864 et
482 817 581 864 crimine
590 817 701 864 Drances

60 881 172 931 infensus
182 884 264 932 iuveni
274 885 358 933 Turno
368 885 403 933 sic
413 901 454 932 ore
463 885 568 932 vicissim

60 967 117 999 orsa
126 952 203 1000 refert
215 973 220 1000 ι
238 953 243 974 ‘
255 953 351 1001 Ofama
359 955 453 1011 ingens,
464 954 586 1010 ingentior
595 953 670 1000 armis

61 1020 101 1067 vir
111 1017 222 1079 Troiane,
234 1022 319 1078 quibus
329 1022 396 1070 caelo
404 1025 431 1070 tc
439 1022 551 1069 laudibus
561 1022 678 1078 aequem?

62 1089 202 1136 institiaene
211 1090 278 1145 prius
289 1091 363 1138 mirer
371 1091 460 1139 belline
470 1091 598 1137 laborum?

62 1158 115 1204 Nos
124 1173 181 1205 vero
190 1158 250 1206 hacc
259 1159 366 1215 patriam
377 1160 444 1216 grati
452 1159 586 1206 referemus
596 1158 628 1204 ad
642 1157 737 1215 urbem,

62 1227 88 1273 et
98 1226 131 1281 te,
143 1226 163 1272 si
173 1242 220 1281 qua
229 1227 294 1273 viam
304 1228 398 1275 dederit
407 1227 517 1283 fortuna,
528 1226 616 1273 Latino

63 1295 192 1350 iungemus
202 1294 254 1351 regi
265 1316 270 1342 :
286 1297 388 1351 quaerat
399 1295 444 1341 sibi
454 1295 551 1341 foedera
561 1295 667 1341 Turnus

16 1379 54 1416 130
65 1363 130 1418 (trin
140 1364 165 1409 et
175 1362 263 1410 fatales
273 1378 398 1410 murorum
408 1362 520 1410 attollere
530 1362 612 1418 moles,

64 1446 169 1485 saxaque
180 1430 322 1478 subvectare
331 1430 421 1478 umeris
432 1430 538 1477 Troiana
546 1429 659 1476 iuvabit!

63 1499 168 1546 Dixerat
178 1498 348 1555 beccanoque
358 1514 440 1546 omnes
450 1499 533 1546 eadem
544 1514 585 1545 ore
593 1498 738 1545 fremebant.

64 1567 108 1614 Bis
119 1582 188 1614 senos
198 1568 310 1624 pepigere
320 1567 379 1623 dies,
391 1570 416 1614 et
426 1583 485 1623 pace
495 1569 619 1622 sequestra

64 1651 109 1692 per
119 1636 193 1682 silvas
203 1637 291 1684 Teucri
301 1636 416 1692 mixtique
426 1637 524 1691 impune
534 1635 618 1683 Latini

64 1720 177 1752 erravere
184 1706 255 1762 iugis.
285 1704 361 1752 Ferro
371 1707 441 1752 sonat
451 1705 503 1752 alta
513 1703 612 1760 bipenni

63 1773 184 1831 fraxinus,
195 1775 308 1821 evertunt
317 1776 385 1821 actas
395 1775 515 1822 adsidere
525 1774 605 1829 pinus,

63 1842 152 1889 robora
161 1858 206 1890 nec
216 1843 297 1890 cuneis
306 1845 331 1889 et
341 1842 445 1890 olentem
455 1843 564 1890 scindere
575 1842 681 1889 cedrum.

64 1925 110 1959 nec
120 1912 235 1967 planstris
246 1913 341 1959 cessant
351 1913 448 1959 vectare
458 1911 610 1968 gementibus
620 1924 701 1957 ornos.

95 1980 130 2027 Et
140 1980 189 2027 iam
199 1981 277 2028 Fama
286 1980 379 2037 volans,
389 1981 455 2027 tanti
464 1979 612 2036 praenuntia
620 1978 711 2033 luctus,

20 2069 57 2106 140
66 2049 210 2096 Evandrum
220 2049 375 2105 Evandrique
385 2049 467 2096 domos
477 2049 502 2094 et
512 2045 605 2094 moenia
615 2045 703 2102 replet,

66 2131 128 2173 quae
138 2118 207 2164 modo
216 2118 331 2165 victorem
342 2117 413 2163 Latio
422 2115 538 2162 Pallanta
547 2113 650 2160 ferebat.

66 2185 176 2234 Amades
189 2186 221 2232 ad
231 2187 314 2241 portas
324 2200 395 2231 ruere
405 2184 430 2231 et
440 2182 469 2230 de
479 2198 545 2230 more
554 2182 653 2229 vetusto

66 2255 180 2303 funereas
190 2269 293 2309 rapuere
303 2253 369 2300 faces
379 2271 385 2309 ;
400 2252 466 2299 lucet
475 2252 515 2298 via
524 2250 597 2306 longo

66 2325 151 2372 ordine
161 2323 314 2370 flammarum
323 2323 349 2368 et
359 2320 409 2367 late
419 2319 569 2366 discriminat
579 2332 658 2374 agros.

68 2393 161 2441 Contra
168 2392 242 2439 turba
252 2391 379 2446 Phrygum
386 2388 484 2436 veniens
494 2386 637 2444 plangentia
644 2385 724 2442 iungit

67 2461 174 2518 agmina.
205 2461 272 2518 Quae
282 2460 410 2515 postquam
420 2459 511 2504 matres
521 2455 648 2504 succedere
657 2453 728 2501 tectis

117 2529 187 2580 (379)
