1972 3164
393 252 618 329 OULEX

468 421 544 446 -μ-

172 535 351 627 LUSIMUS,
362 535 458 593 Octavi,
467 535 552 592 gracili
562 533 700 583 modulante
710 533 797 580 Thalia

228 604 301 658 atque
311 603 339 649 ut
349 602 454 649 araneoli
463 603 561 649 tenuem
571 601 727 648 formavimus
737 615 826 648 orsum.

170 672 271 718 lusimus
281 691 287 718 ε
301 670 360 718 haec
368 671 467 726 propter
476 669 558 717 culicis
568 670 616 716 sint
626 670 733 717 carmina
742 669 816 726 dicta,

170 739 248 785 omnis
258 740 286 784 ut
296 738 410 785 historiae
420 753 464 793 per
472 738 556 784 ludum
566 739 679 785 consonet
688 738 747 785 ordo

170 807 279 863 notitiae,
290 807 434 862 doctumque
444 821 521 863 voces,
532 806 589 853 licet
598 805 693 853 invidus
702 805 774 853 adsit.

171 875 276 931 quisquis
286 875 333 921 erit
343 874 440 930 culpare
449 874 512 921 iocos
522 889 662 930 musamque
672 876 781 931 paratus,

171 943 275 997 pondere
284 942 322 990 vel
332 942 414 990 culicis
424 942 499 990 levior
508 942 621 998 famaque
630 942 732 990 feretur.

170 1011 288 1066 posterius
297 1007 408 1068 graviore
418 1026 476 1058 sono
484 1010 530 1057 tibi
539 1026 609 1057 musa
621 1011 733 1065 loquetur

118 1124 124 1133 ,
170 1081 262 1136 nostra,
273 1081 366 1127 dabunt
376 1096 431 1127 cum
441 1081 550 1125 maturos
557 1079 617 1125 mihi
624 1080 735 1133 tempora
740 1077 844 1132 fructus,

118 1172 125 1203 p
146 1170 160 1194 ο
170 1149 199 1192 ut
209 1147 254 1193 tibi
263 1148 337 1202 digna
345 1149 389 1193 tuo
398 1147 522 1202 poliantur
531 1145 640 1191 carmina
649 1159 727 1191 sensu.

200 1213 307 1258 Latonae
317 1213 445 1268 magnique
454 1211 519 1257 Iovis
529 1212 609 1268 decus,
619 1227 693 1258 aurea
702 1211 789 1268 proles,

172 1278 283 1326 Phoebus
293 1280 340 1326 erit
349 1279 428 1326 nostri
437 1280 548 1333 princeps
557 1281 583 1325 et
593 1280 705 1327 carminis
713 1282 798 1327 auctor

171 1351 197 1395 et
207 1346 329 1394 recinente
338 1346 394 1402 lyra
402 1345 492 1402 fautor,
503 1345 552 1394 sive
562 1347 649 1394 educat
659 1347 727 1394 illum

173 1417 242 1462 Arna
252 1414 393 1462 Chimaerae
402 1413 496 1460 Xanthi
505 1414 604 1470 perfusa
616 1415 715 1473 liquore,

173 1498 215 1530 seu
224 1483 296 1530 decue
306 1483 425 1539 Asteriae,
437 1497 479 1529 seu
488 1498 536 1538 qua
544 1483 663 1530 Parnasia
672 1499 744 1540 rupes

173 1552 229 1598 hinc
238 1553 311 1606 atque
321 1550 377 1598 hinc
387 1549 472 1606 patula
485 1551 629 1606 praepandit
639 1566 729 1598 cornua
738 1550 827 1606 fronte,

173 1619 341 1674 Castaliaeque
350 1633 438 1666 sonans
447 1618 537 1674 liquido
546 1619 606 1675 pede
615 1620 708 1666 labitur
716 1621 789 1666 unda.

173 1703 255 1745 quare,
266 1687 340 1734 Pierii
349 1686 428 1734 laticis
438 1687 518 1744 decus,
528 1688 570 1746 ite,
581 1704 673 1736 sorores

173 1756 264 1812 naides,
274 1758 300 1803 et
309 1756 428 1804 celebrate
437 1756 508 1804 deum
517 1756 615 1805 ludente
625 1759 719 1807 chorea.

139 1846 163 1871 πο
174 1826 199 1872 et
208 1826 245 1882 tu,
256 1827 341 1872 sancta
350 1824 430 1883 Pales,
440 1825 471 1873 ad
481 1840 552 1881 quam
562 1829 666 1875 ventura
675 1828 780 1876 recurrit

173 1895 295 1950 agrestum
305 1893 368 1941 bona
377 1909 437 1951 sors,
448 1893 486 1942 cui
496 1910 555 1943 rura
563 1911 657 1953 serena,
667 1898 782 1952 tensaque

172 1962 249 2010 aerios
257 1978 383 2010 nemorum
393 1963 470 2009 saltus
480 1962 599 2017 silvasque
609 1964 716 2009 virentes
726 1984 731 2011 =

173 2031 198 2074 te
208 2029 308 2075 cultriae
317 2043 395 2085 vagus
405 2029 482 2074 saltus
491 2028 557 2074 teror
565 2029 631 2074 inter
640 2030 666 2074 et
675 2030 755 2072 antra.

202 2095 237 2139 ut
246 2095 284 2148 tu,
294 2093 334 2139 cui
342 2093 436 2138 meritis
445 2092 523 2137 oritur
531 2093 620 2138 fiducia
629 2092 728 2148 chartis,

175 2159 263 2208 Octavi
271 2158 414 2213 venerande,
425 2157 485 2202 meis
494 2157 606 2205 adlabere
613 2159 710 2214 coeptis,

176 2229 259 2275 sancte
269 2241 344 2282 puer:
359 2225 404 2271 tibi
413 2238 516 2278 namque
546 2259 776 2274 .......

176 2296 246 2343 triete
257 2294 320 2341 Iovis
330 2293 537 2348 Rhoetiquecanit
546 2309 595 2340 nou
604 2293 802 2350 mirabellum,

177 2364 284 2422 Phlegra
294 2363 414 2420 Giganteo
423 2376 508 2417 sparsa
517 2365 554 2410 est
563 2377 611 2418 quo
620 2361 738 2418 sauguine
747 2361 828 2416 tellus,

176 2449 221 2480 nec
231 2433 378 2480 Centaureos
389 2430 505 2486 Lapithas
516 2431 629 2486 conpellit
639 2431 664 2477 in
674 2445 751 2486 enses,

226 2501 232 2549 (
243 2515 277 2550 445
288 2502 294 2550 l
