1972 3164
365 154 388 192 P.
400 121 520 192 vairam
532 148 663 190 nsuoms

176 253 231 309 post
241 253 343 298 mortem
352 250 415 298 bello
423 249 511 296 Rutuli
520 263 650 310 pugnoque
661 249 735 304 potiti
744 269 751 306 3

176 321 237 367 haee
246 319 311 375 rapit
320 320 393 374 atque
402 318 492 365 umeris
502 317 648 373 nequiquam
657 317 766 365 {ortibus
775 318 851 374 aptat.

178 390 241 436 Tum
250 388 344 445 galeam
354 386 462 443 Messapi
470 385 575 434 habilem
585 385 716 441 cristisque
726 385 836 434 deseram

177 456 264 504 induit.
295 456 423 504 Excedunt
432 455 518 503 eastris
528 456 553 502 et
562 455 620 501 tuta
629 457 771 510 capessunt.

206 526 305 572 Interea
314 524 438 580 praemissi
447 523 540 579 equites
550 538 581 571 ex
590 523 651 571 urbs
661 523 762 580 Latina,

179 595 260 642 cetera
267 594 325 640 dum
334 592 396 650 legio
405 591 496 648 eampis
505 591 628 638 instructa
636 593 758 649 moratur,

178 662 248 709 ibant
258 663 284 708 et
293 661 377 708 Turno
386 660 439 717 regi
447 675 563 715 responsa
572 659 694 717 ferebant,

133 746 171 782 ³70
179 731 326 786 tercentum,
336 729 426 777 scutati
435 743 526 786 omnes,
537 728 656 776 Volcente
666 730 793 789 magistro.

180 799 280 854 Iamque
289 797 484 854 propinquabunt
494 796 580 844 eastris
592 812 724 854 murosque
733 798 854 854 subibant,

181 882 236 915 oum
247 865 331 921 procul
340 865 384 912 hos
393 865 463 912 laevo
472 865 597 913 flectentes
606 865 685 914 limite
695 868 809 923 cernunt,

180 936 206 982 et
216 934 287 991 galea
297 933 431 990 Euryalum
440 932 559 982 sublustri
568 934 647 980 noetis
656 933 682 981 in
692 935 782 982 umbra

181 1003 287 1059 prodidit
296 1001 460 1049 immemorem
470 1001 590 1057 radiisque
600 1002 705 1050 adversa
713 1003 820 1052 refulsit.

181 1071 257 1118 Haud
275 1073 365 1118 temere
381 1072 418 1118 est
435 1069 522 1119 visum.
552 1070 696 1119 Conclamat
713 1071 745 1118 ab
761 1070 856 1128 agmine

237 1139 356 1186 Volcens=
758 1173 762 1180 ·

182 1207 188 1229 ‘
198 1206 276 1264 State,
286 1206 340 1254 riri
365 1206 432 1264 Quas
439 1207 586 1255 causariae?
595 1207 856 1264 quiveestisinarmis?

181 1291 258 1332 quove
267 1275 353 1322 tenetis
362 1275 437 1323 isere’
467 1275 536 1323 Nihil
545 1275 582 1323 illi
590 1276 691 1324 tendere
700 1280 796 1335 eontra,

182 1344 224 1392 sed
234 1342 338 1391 celerare
345 1343 431 1401 fugam
439 1344 466 1392 in
476 1343 548 1391 silvas
558 1346 584 1392 et
593 1345 668 1393 fidere
676 1345 752 1394 noeti.

183 1411 306 1460 Obiioiunt
316 1412 407 1468 equites
418 1427 469 1460 sese
478 1413 510 1459 ud
519 1413 623 1460 divortia
632 1415 692 1461 nota

136 1486 173 1534 380
183 1480 239 1528 hine
245 1482 317 1537 atque
322 1480 378 1527 hino
383 1495 524 1537 omnemque
528 1482 726 1529 abitumcustode
732 1484 856 1531 coronant.

184 1548 250 1595 Silva
259 1548 307 1594 fuit
317 1547 366 1594 late
375 1547 454 1595 dumis
464 1551 536 1604 atque
545 1549 599 1596 ilios
608 1549 679 1607 nigra

163 1671 165 1676 ¹
182 1616 288 1673 horrida,
299 1632 370 1672 quam
381 1616 450 1663 densi
459 1618 608 1674 complerant
617 1619 725 1674 undique
734 1621 831 1676 sentes3

183 1701 241 1731 rara
249 1701 293 1740 per
302 1685 410 1733 occultos
420 1686 518 1735 lucebat
528 1687 615 1734 semita
624 1687 705 1734 calles.

184 1753 319 1809 Euryalum
328 1754 444 1803 tenebrae
454 1770 577 1802 ramorum
588 1770 736 1811 onerosaque
746 1758 838 1812 praeda

182 1821 318 1878 impediunt
327 1823 440 1880 fallitque
450 1824 524 1871 timor
533 1823 630 1880 regione
640 1825 737 1871 viarum
747 1844 754 1882 3

184 1890 259 1936 Nisus
269 1891 328 1937 abit.
358 1892 458 1948 Iamque
468 1891 607 1948 imprudens
617 1894 729 1940 evaserat
739 1894 822 1941 hostes

184 1960 257 2015 atque
266 1959 338 2016 locos,
349 1960 389 2015 qui
398 1962 453 2015 post
462 1960 539 2007 Albae
549 1961 578 2008 de
588 1961 684 2008 nomine
694 1961 754 2008 dieti

184 2027 281 2084 Albani,
292 2029 346 2073 tum
356 2043 399 2074 rex
408 2027 505 2074 stabula
514 2029 566 2075 uita
575 2028 677 2075 Latinus
687 2029 802 2078 habebat.

185 2095 221 2141 Ut
231 2095 300 2142 stetit
310 2097 335 2142 et
345 2095 440 2142 frustra
449 2096 572 2144 absentem
582 2097 689 2152 respexit
699 2098 814 2156 amicum,

139 2175 175 2213 390
186 2162 192 2183 ‘
203 2163 309 2218 Euryale
318 2163 411 2220 infelix,
422 2165 504 2218 quate
514 2164 610 2223 regione
620 2165 722 2220 reliqui?

185 2247 262 2285 quave
270 2247 363 2288 sequar,
368 2247 452 2278 rursus
460 2231 601 2288 perplexum
609 2233 656 2279 iter
660 2248 730 2281 omne
734 2237 859 2283 revolvens

185 2299 278 2346 fallacis
289 2300 391 2347 silvaeP’
422 2300 499 2348 Simul
508 2301 533 2348 et
543 2301 645 2357 vestigia
654 2304 722 2350 retro

185 2367 313 2414 observata
322 2368 382 2425 legit
392 2369 516 2424 dumisque
527 2369 653 2416 silentibus
664 2372 739 2418 errat.

185 2433 262 2481 Audit
276 2451 356 2493 equos,
367 2438 434 2484 audit
444 2439 561 2493 strepitus
569 2440 594 2486 et
604 2438 674 2496 sigua
683 2443 836 2496 sequentum.

235 2505 303 2553 (330)
