<?xml version="1.0" encoding="UTF-8"?>
<!DOCTYPE html PUBLIC "-//W3C//DTD XHTML 1.0 Transitional//EN"
    "http://www.w3.org/TR/xhtml1/DTD/xhtml1-transitional.dtd">
<html xmlns="http://www.w3.org/1999/xhtml" xml:lang="en" lang="en">
 <head>
  <title>
</title>
<meta http-equiv="Content-Type" content="text/html;charset=utf-8" />
  <meta name='ocr-system' content='tesseract 3.04.00' />
  <meta name='ocr-capabilities' content='ocr_page ocr_carea ocr_par ocr_line ocrx_word'/>
</head>
<body>
  <div class='ocr_page' id='page_1' title='image "./pvergilimaronis07virggoog/pvergilimaronis07virggoog_0478.png"; bbox 0 0 1972 3164; ppageno 0'>
   <div class='ocr_carea' id='block_1_1' title="bbox 475 185 550 226">
    <p class='ocr_par' dir='ltr' id='par_1_1' title="bbox 475 185 550 226">
     <span class='ocr_line' id='line_1_1' title="bbox 475 185 550 226; baseline 0.013 -1"><span class='ocrx_word' id='word_1_1' title='bbox 475 185 550 226; x_wconf 78' lang='lat' dir='ltr'><strong>CIRIS</strong></span> 
     </span>
    </p>
   </div>
   <div class='ocr_carea' id='block_1_2' title="bbox 133 283 851 2446">
    <p class='ocr_par' dir='ltr' id='par_1_2' title="bbox 173 283 735 342">
     <span class='ocr_line' id='line_1_2' title="bbox 173 283 735 342; baseline 0.002 -11"><span class='ocrx_word' id='word_1_2' title='bbox 173 299 232 340; x_wconf 77' lang='lat' dir='ltr'>ergo</span> <span class='ocrx_word' id='word_1_3' title='bbox 240 283 364 330; x_wconf 75' lang='lat' dir='ltr'><strong>Palladiae</strong></span> <span class='ocrx_word' id='word_1_4' title='bbox 373 284 492 331; x_wconf 86' lang='lat' dir='ltr'>texuntur</span> <span class='ocrx_word' id='word_1_5' title='bbox 502 285 527 331; x_wconf 91' lang='lat' dir='ltr'>in</span> <span class='ocrx_word' id='word_1_6' title='bbox 537 285 621 332; x_wconf 81' lang='lat' dir='ltr'>ordine</span> <span class='ocrx_word' id='word_1_7' title='bbox 631 300 735 342; x_wconf 81' lang='lat' dir='ltr'>pugnae,</span> 
     </span>
    </p>

    <p class='ocr_par' dir='ltr' id='par_1_3' title="bbox 138 352 784 1022">
     <span class='ocr_line' id='line_1_3' title="bbox 138 352 727 409; baseline -0.002 -10"><span class='ocrx_word' id='word_1_8' title='bbox 138 372 163 408; x_wconf 81' lang='lat'>30</span> <span class='ocrx_word' id='word_1_9' title='bbox 173 368 263 408; x_wconf 74' lang='lat' dir='ltr'>magua</span> <span class='ocrx_word' id='word_1_10' title='bbox 271 352 390 408; x_wconf 74' lang='lat' dir='ltr'>giganteis</span> <span class='ocrx_word' id='word_1_11' title='bbox 400 355 521 399; x_wconf 87' lang='lat' dir='ltr'>ornantur</span> <span class='ocrx_word' id='word_1_12' title='bbox 531 353 603 409; x_wconf 86' lang='lat' dir='ltr'>pepla</span> <span class='ocrx_word' id='word_1_13' title='bbox 612 353 727 408; x_wconf 79' lang='lat' dir='ltr'>tropaeis,</span> 
     </span>
     <span class='ocr_line' id='line_1_4' title="bbox 172 420 738 476; baseline -0.002 -9"><span class='ocrx_word' id='word_1_14' title='bbox 172 420 272 467; x_wconf 82' lang='lat' dir='ltr'>horrida</span> <span class='ocrx_word' id='word_1_15' title='bbox 279 420 409 476; x_wconf 78' lang='lat' dir='ltr'>sanguineo</span> <span class='ocrx_word' id='word_1_16' title='bbox 418 421 552 476; x_wconf 77' lang='lat' dir='ltr'>pinguntur</span> <span class='ocrx_word' id='word_1_17' title='bbox 562 420 652 476; x_wconf 89' lang='lat' dir='ltr'>proelia</span> <span class='ocrx_word' id='word_1_18' title='bbox 661 435 738 467; x_wconf 86' lang='lat' dir='ltr'>cocco.</span> 
     </span>
     <span class='ocr_line' id='line_1_5' title="bbox 173 488 714 544; baseline -0.002 -9"><span class='ocrx_word' id='word_1_19' title='bbox 173 488 272 535; x_wconf 89' lang='lat' dir='ltr'>additur</span> <span class='ocrx_word' id='word_1_20' title='bbox 282 490 370 535; x_wconf 87' lang='lat' dir='ltr'>aurata</span> <span class='ocrx_word' id='word_1_21' title='bbox 379 489 485 535; x_wconf 87' lang='lat' dir='ltr'>deiectus</span> <span class='ocrx_word' id='word_1_22' title='bbox 496 489 593 544; x_wconf 84' lang='lat' dir='ltr'>cuspide</span> <span class='ocrx_word' id='word_1_23' title='bbox 604 488 714 544; x_wconf 77' lang='lat' dir='ltr'>Typhon,</span> 
     </span>
     <span class='ocr_line' id='line_1_6' title="bbox 173 556 764 612; baseline 0 -10"><span class='ocrx_word' id='word_1_24' title='bbox 173 558 215 612; x_wconf 88' lang='lat' dir='ltr'>qui</span> <span class='ocrx_word' id='word_1_25' title='bbox 224 556 300 612; x_wconf 88' lang='lat' dir='ltr'>prius,</span> <span class='ocrx_word' id='word_1_26' title='bbox 312 556 408 604; x_wconf 80' lang='lat' dir='ltr'>Ossaeis</span> <span class='ocrx_word' id='word_1_27' title='bbox 418 559 574 604; x_wconf 84' lang='lat' dir='ltr'>consternens</span> <span class='ocrx_word' id='word_1_28' title='bbox 584 556 683 603; x_wconf 81' lang='lat' dir='ltr'>aethera</span> <span class='ocrx_word' id='word_1_29' title='bbox 692 556 764 612; x_wconf 85' lang='lat' dir='ltr'>saxis,</span> 
     </span>
     <span class='ocr_line' id='line_1_7' title="bbox 174 624 784 680; baseline 0.002 -10"><span class='ocrx_word' id='word_1_30' title='bbox 174 624 290 671; x_wconf 79' lang='lat' dir='ltr'>Emathio</span> <span class='ocrx_word' id='word_1_31' title='bbox 300 625 389 671; x_wconf 87' lang='lat' dir='ltr'>celsum</span> <span class='ocrx_word' id='word_1_32' title='bbox 400 625 536 679; x_wconf 80' lang='lat' dir='ltr'>duplicaret</span> <span class='ocrx_word' id='word_1_33' title='bbox 546 625 636 671; x_wconf 80' lang='lat' dir='ltr'>veitice</span> <span class='ocrx_word' id='word_1_34' title='bbox 646 624 784 680; x_wconf 84' lang='lat' dir='ltr'>Olympum.</span> 
     </span>
     <span class='ocr_line' id='line_1_8' title="bbox 173 692 742 749; baseline 0.002 -11"><span class='ocrx_word' id='word_1_35' title='bbox 173 692 224 738; x_wconf 89' lang='lat' dir='ltr'>tale</span> <span class='ocrx_word' id='word_1_36' title='bbox 233 692 291 738; x_wconf 88' lang='lat' dir='ltr'>deae</span> <span class='ocrx_word' id='word_1_37' title='bbox 301 693 380 738; x_wconf 89' lang='lat' dir='ltr'>velum</span> <span class='ocrx_word' id='word_1_38' title='bbox 391 693 500 739; x_wconf 85' lang='lat' dir='ltr'>sollemni</span> <span class='ocrx_word' id='word_1_39' title='bbox 509 695 618 748; x_wconf 86' lang='lat' dir='ltr'>tempore</span> <span class='ocrx_word' id='word_1_40' title='bbox 628 695 742 749; x_wconf 72' lang='lat' dir='ltr'>portant,</span> 
     </span>
     <span class='ocr_line' id='line_1_9' title="bbox 173 759 701 817; baseline 0 -10"><span class='ocrx_word' id='word_1_41' title='bbox 173 760 219 807; x_wconf 90' lang='lat' dir='ltr'>tali</span> <span class='ocrx_word' id='word_1_42' title='bbox 227 762 253 806; x_wconf 90' lang='lat' dir='ltr'>te</span> <span class='ocrx_word' id='word_1_43' title='bbox 263 759 358 817; x_wconf 85' lang='lat' dir='ltr'>vellem,</span> <span class='ocrx_word' id='word_1_44' title='bbox 369 761 483 807; x_wconf 85' lang='lat' dir='ltr'>iuvenum</span> <span class='ocrx_word' id='word_1_45' title='bbox 493 761 639 817; x_wconf 68' lang='lat' dir='ltr'>doctissime,</span> <span class='ocrx_word' id='word_1_46' title='bbox 650 761 701 807; x_wconf 88' lang='lat' dir='ltr'>ritu</span> 
     </span>
     <span class='ocr_line' id='line_1_10' title="bbox 173 829 681 884; baseline 0.006 -10"><span class='ocrx_word' id='word_1_47' title='bbox 173 843 307 884; x_wconf 89' lang='lat' dir='ltr'>purpureos</span> <span class='ocrx_word' id='word_1_48' title='bbox 317 829 381 875; x_wconf 87' lang='lat' dir='ltr'>inter</span> <span class='ocrx_word' id='word_1_49' title='bbox 391 829 451 876; x_wconf 87' lang='lat' dir='ltr'>soles</span> <span class='ocrx_word' id='word_1_50' title='bbox 462 832 487 876; x_wconf 88' lang='lat' dir='ltr'>et</span> <span class='ocrx_word' id='word_1_51' title='bbox 497 830 599 877; x_wconf 88' lang='lat' dir='ltr'>candida</span> <span class='ocrx_word' id='word_1_52' title='bbox 608 829 681 877; x_wconf 89' lang='lat' dir='ltr'>lunae</span> 
     </span>
     <span class='ocr_line' id='line_1_11' title="bbox 174 896 695 955; baseline 0 -12"><span class='ocrx_word' id='word_1_53' title='bbox 174 897 262 953; x_wconf 87' lang='lat' dir='ltr'>sidera,</span> <span class='ocrx_word' id='word_1_54' title='bbox 273 896 390 944; x_wconf 76' lang='lat' dir='ltr'>caeruleis</span> <span class='ocrx_word' id='word_1_55' title='bbox 400 898 482 945; x_wconf 90' lang='lat' dir='ltr'>orbem</span> <span class='ocrx_word' id='word_1_56' title='bbox 492 897 615 954; x_wconf 87' lang='lat' dir='ltr'>pulsantia</span> <span class='ocrx_word' id='word_1_57' title='bbox 624 898 695 955; x_wconf 78' lang='lat' dir='ltr'>bigis,</span> 
     </span>
     <span class='ocr_line' id='line_1_12' title="bbox 174 966 702 1022; baseline 0 -11"><span class='ocrx_word' id='word_1_58' title='bbox 174 966 277 1011; x_wconf 86' lang='lat' dir='ltr'>naturae</span> <span class='ocrx_word' id='word_1_59' title='bbox 287 981 368 1012; x_wconf 86' lang='lat' dir='ltr'>rerum</span> <span class='ocrx_word' id='word_1_60' title='bbox 379 966 473 1022; x_wconf 81' lang='lat' dir='ltr'>magnis</span> <span class='ocrx_word' id='word_1_61' title='bbox 482 967 589 1013; x_wconf 85' lang='lat' dir='ltr'>intexere</span> <span class='ocrx_word' id='word_1_62' title='bbox 599 966 689 1012; x_wconf 77' lang='lat' dir='ltr'>chartis</span> <span class='ocrx_word' id='word_1_63' title='bbox 695 983 702 1021; x_wconf 81' lang='lat'>3</span> 
     </span>
    </p>

    <p class='ocr_par' dir='ltr' id='par_1_4' title="bbox 140 1033 851 1224">
     <span class='ocr_line' id='line_1_13' title="bbox 140 1033 789 1088; baseline 0 -11"><span class='ocrx_word' id='word_1_64' title='bbox 140 1053 164 1088; x_wconf 87' lang='lat'>40</span> <span class='ocrx_word' id='word_1_65' title='bbox 175 1035 301 1080; x_wconf 80' lang='lat' dir='ltr'>ueternum</span> <span class='ocrx_word' id='word_1_66' title='bbox 312 1033 409 1088; x_wconf 83' lang='lat' dir='ltr'>sophiae</span> <span class='ocrx_word' id='word_1_67' title='bbox 418 1035 575 1081; x_wconf 89' lang='lat' dir='ltr'>coniunctum</span> <span class='ocrx_word' id='word_1_68' title='bbox 585 1033 691 1080; x_wconf 78' lang='lat' dir='ltr'>carmine</span> <span class='ocrx_word' id='word_1_69' title='bbox 701 1047 789 1078; x_wconf 89' lang='lat' dir='ltr'>nomen</span> 
     </span>
     <span class='ocr_line' id='line_1_14' title="bbox 175 1100 798 1158; baseline -0.002 -10"><span class='ocrx_word' id='word_1_70' title='bbox 175 1103 339 1148; x_wconf 83' lang='lat' dir='ltr'>nostratuum</span> <span class='ocrx_word' id='word_1_71' title='bbox 350 1102 446 1149; x_wconf 88' lang='lat' dir='ltr'>senibus</span> <span class='ocrx_word' id='word_1_72' title='bbox 457 1103 597 1158; x_wconf 88' lang='lat' dir='ltr'>loqueretur</span> <span class='ocrx_word' id='word_1_73' title='bbox 607 1101 697 1157; x_wconf 78' lang='lat' dir='ltr'>pagine</span> <span class='ocrx_word' id='word_1_74' title='bbox 707 1100 798 1147; x_wconf 90' lang='lat' dir='ltr'>saeclis.</span> 
     </span>
     <span class='ocr_line' id='line_1_15' title="bbox 176 1168 851 1224; baseline -0.003 -8"><span class='ocrx_word' id='word_1_75' title='bbox 176 1169 346 1224; x_wconf 86' lang='lat' dir='ltr'>sedquoniam</span> <span class='ocrx_word' id='word_1_76' title='bbox 368 1171 400 1216; x_wconf 86' lang='lat' dir='ltr'>ad</span> <span class='ocrx_word' id='word_1_77' title='bbox 418 1172 502 1216; x_wconf 87' lang='lat' dir='ltr'>tantas</span> <span class='ocrx_word' id='word_1_78' title='bbox 521 1184 586 1215; x_wconf 90' lang='lat' dir='ltr'>nunc</span> <span class='ocrx_word' id='word_1_79' title='bbox 602 1169 707 1223; x_wconf 89' lang='lat' dir='ltr'>primum</span> <span class='ocrx_word' id='word_1_80' title='bbox 728 1168 851 1216; x_wconf 87' lang='lat' dir='ltr'>nascimur</span> 
     </span>
    </p>

    <p class='ocr_par' dir='ltr' id='par_1_5' title="bbox 175 1239 851 1701">
     <span class='ocr_line' id='line_1_16' title="bbox 232 1239 306 1293; baseline -0.014 -9"><span class='ocrx_word' id='word_1_81' title='bbox 232 1239 306 1293; x_wconf 89' lang='lat' dir='ltr'>artes,</span> 
     </span>
     <span class='ocr_line' id='line_1_17' title="bbox 175 1304 793 1360; baseline 0 -10"><span class='ocrx_word' id='word_1_82' title='bbox 175 1320 240 1352; x_wconf 90' lang='lat' dir='ltr'>nunc</span> <span class='ocrx_word' id='word_1_83' title='bbox 250 1304 356 1360; x_wconf 88' lang='lat' dir='ltr'>primum</span> <span class='ocrx_word' id='word_1_84' title='bbox 366 1306 461 1351; x_wconf 90' lang='lat' dir='ltr'>teneros</span> <span class='ocrx_word' id='word_1_85' title='bbox 472 1304 596 1351; x_wconf 86' lang='lat' dir='ltr'>firmamus</span> <span class='ocrx_word' id='word_1_86' title='bbox 605 1305 690 1351; x_wconf 89' lang='lat' dir='ltr'>robore</span> <span class='ocrx_word' id='word_1_87' title='bbox 699 1320 793 1360; x_wconf 87' lang='lat' dir='ltr'>nervos,</span> 
     </span>
     <span class='ocr_line' id='line_1_18' title="bbox 175 1371 851 1430; baseline -0.004 -9"><span class='ocrx_word' id='word_1_88' title='bbox 175 1373 235 1421; x_wconf 88' lang='lat' dir='ltr'>haec</span> <span class='ocrx_word' id='word_1_89' title='bbox 243 1374 326 1419; x_wconf 91' lang='lat' dir='ltr'>tamen</span> <span class='ocrx_word' id='word_1_90' title='bbox 336 1372 439 1428; x_wconf 86' lang='lat' dir='ltr'>interea,</span> <span class='ocrx_word' id='word_1_91' title='bbox 451 1387 511 1428; x_wconf 81' lang='lat' dir='ltr'>quae</span> <span class='ocrx_word' id='word_1_92' title='bbox 521 1388 656 1430; x_wconf 88' lang='lat' dir='ltr'>possumus,</span> <span class='ocrx_word' id='word_1_93' title='bbox 666 1373 692 1418; x_wconf 92' lang='lat' dir='ltr'>in</span> <span class='ocrx_word' id='word_1_94' title='bbox 702 1372 788 1428; x_wconf 84' lang='lat' dir='ltr'>quibus</span> <span class='ocrx_word' id='word_1_95' title='bbox 797 1371 851 1418; x_wconf 81' lang='lat' dir='ltr'>aeri</span> 
     </span>
     <span class='ocr_line' id='line_1_19' title="bbox 176 1440 772 1497; baseline -0.002 -10"><span class='ocrx_word' id='word_1_96' title='bbox 176 1442 256 1497; x_wconf 88' lang='lat' dir='ltr'>prima</span> <span class='ocrx_word' id='word_1_97' title='bbox 264 1440 404 1487; x_wconf 85' lang='lat' dir='ltr'>rudimenta</span> <span class='ocrx_word' id='word_1_98' title='bbox 414 1442 439 1488; x_wconf 91' lang='lat' dir='ltr'>et</span> <span class='ocrx_word' id='word_1_99' title='bbox 448 1441 546 1488; x_wconf 80' lang='lat' dir='ltr'>iuvenes</span> <span class='ocrx_word' id='word_1_100' title='bbox 556 1441 678 1496; x_wconf 79' lang='lat' dir='ltr'>exegimus</span> <span class='ocrx_word' id='word_1_101' title='bbox 688 1456 772 1497; x_wconf 78' lang='lat' dir='ltr'>annos,</span> 
     </span>
     <span class='ocr_line' id='line_1_20' title="bbox 176 1508 717 1565; baseline -0.006 -9"><span class='ocrx_word' id='word_1_102' title='bbox 176 1510 257 1565; x_wconf 88' lang='lat' dir='ltr'>accipe</span> <span class='ocrx_word' id='word_1_103' title='bbox 267 1509 331 1555; x_wconf 82' lang='lat' dir='ltr'>done</span> <span class='ocrx_word' id='word_1_104' title='bbox 339 1523 393 1555; x_wconf 88' lang='lat' dir='ltr'>meo</span> <span class='ocrx_word' id='word_1_105' title='bbox 403 1508 507 1554; x_wconf 90' lang='lat' dir='ltr'>multum</span> <span class='ocrx_word' id='word_1_106' title='bbox 517 1508 619 1564; x_wconf 78' lang='lat' dir='ltr'>vigilata</span> <span class='ocrx_word' id='word_1_107' title='bbox 628 1508 717 1564; x_wconf 80' lang='lat' dir='ltr'>labore,</span> 
     </span>
     <span class='ocr_line' id='line_1_21' title="bbox 176 1576 704 1633; baseline -0.006 -8"><span class='ocrx_word' id='word_1_108' title='bbox 176 1578 294 1633; x_wconf 89' lang='lat' dir='ltr'>promissa</span> <span class='ocrx_word' id='word_1_109' title='bbox 302 1579 375 1632; x_wconf 87' lang='lat' dir='ltr'>atque</span> <span class='ocrx_word' id='word_1_110' title='bbox 385 1577 426 1623; x_wconf 88' lang='lat' dir='ltr'>diu</span> <span class='ocrx_word' id='word_1_111' title='bbox 436 1576 484 1622; x_wconf 83' lang='lat' dir='ltr'>iem</span> <span class='ocrx_word' id='word_1_112' title='bbox 494 1576 593 1623; x_wconf 84' lang='lat' dir='ltr'>taudem</span> <span class='ocrx_word' id='word_1_113' title='bbox 605 1611 704 1623; x_wconf 92' lang='grc'>......</span> 
     </span>
     <span class='ocr_line' id='line_1_22' title="bbox 176 1643 758 1701; baseline -0.002 -10"><span class='ocrx_word' id='word_1_114' title='bbox 176 1646 251 1701; x_wconf 82' lang='lat' dir='ltr'>impia</span> <span class='ocrx_word' id='word_1_115' title='bbox 261 1645 375 1701; x_wconf 73' lang='lat' dir='ltr'>prodigiis</span> <span class='ocrx_word' id='word_1_116' title='bbox 385 1646 414 1691; x_wconf 89' lang='lat' dir='ltr'>ut</span> <span class='ocrx_word' id='word_1_117' title='bbox 424 1645 544 1701; x_wconf 76' lang='lat' dir='ltr'>quondum</span> <span class='ocrx_word' id='word_1_118' title='bbox 554 1644 671 1691; x_wconf 83' lang='lat' dir='ltr'>exterrita</span> <span class='ocrx_word' id='word_1_119' title='bbox 681 1643 758 1690; x_wconf 86' lang='lat' dir='ltr'>mollis</span> 
     </span>
    </p>

    <p class='ocr_par' dir='ltr' id='par_1_6' title="bbox 133 1707 744 1770">
     <span class='ocr_line' id='line_1_23' title="bbox 133 1707 744 1770; baseline -0.003 -10"><span class='ocrx_word' id='word_1_120' title='bbox 133 1707 136 1713; x_wconf 58' lang='grc'><strong><em>’</em></strong></span> <span class='ocrx_word' id='word_1_121' title='bbox 178 1714 259 1770; x_wconf 84' lang='lat' dir='ltr'>Scylla</span> <span class='ocrx_word' id='word_1_122' title='bbox 267 1729 342 1761; x_wconf 83' lang='lat' dir='ltr'>novos</span> <span class='ocrx_word' id='word_1_123' title='bbox 352 1713 433 1760; x_wconf 87' lang='lat' dir='ltr'>avium</span> <span class='ocrx_word' id='word_1_124' title='bbox 444 1713 553 1759; x_wconf 86' lang='lat' dir='ltr'>sublimis</span> <span class='ocrx_word' id='word_1_125' title='bbox 561 1712 587 1759; x_wconf 92' lang='lat' dir='ltr'>in</span> <span class='ocrx_word' id='word_1_126' title='bbox 597 1728 652 1760; x_wconf 87' lang='lat' dir='ltr'>aere</span> <span class='ocrx_word' id='word_1_127' title='bbox 662 1715 744 1759; x_wconf 89' lang='lat' dir='ltr'>coetus</span> 
     </span>
    </p>

    <p class='ocr_par' dir='ltr' id='par_1_7' title="bbox 142 1781 839 2446">
     <span class='ocr_line' id='line_1_24' title="bbox 142 1781 748 1842; baseline -0.003 -12"><span class='ocrx_word' id='word_1_128' title='bbox 142 1805 167 1842; x_wconf 85' lang='lat'>50</span> <span class='ocrx_word' id='word_1_129' title='bbox 177 1782 265 1829; x_wconf 87' lang='lat' dir='ltr'>viderit</span> <span class='ocrx_word' id='word_1_130' title='bbox 275 1784 300 1830; x_wconf 86' lang='lat' dir='ltr'>et</span> <span class='ocrx_word' id='word_1_131' title='bbox 309 1781 377 1830; x_wconf 89' lang='lat' dir='ltr'>tenui</span> <span class='ocrx_word' id='word_1_132' title='bbox 387 1782 550 1829; x_wconf 88' lang='lat' dir='ltr'>conscendens</span> <span class='ocrx_word' id='word_1_133' title='bbox 559 1781 659 1829; x_wconf 84' lang='lat' dir='ltr'>aethera</span> <span class='ocrx_word' id='word_1_134' title='bbox 668 1796 748 1836; x_wconf 84' lang='lat' dir='ltr'>penna</span> 
     </span>
     <span class='ocr_line' id='line_1_25' title="bbox 177 1849 704 1906; baseline -0.006 -7"><span class='ocrx_word' id='word_1_135' title='bbox 177 1851 293 1899; x_wconf 74' lang='lat' dir='ltr'>caeruleis</span> <span class='ocrx_word' id='word_1_136' title='bbox 304 1866 348 1898; x_wconf 86' lang='lat' dir='ltr'>sua</span> <span class='ocrx_word' id='word_1_137' title='bbox 356 1852 423 1898; x_wconf 85' lang='lat' dir='ltr'>tecta</span> <span class='ocrx_word' id='word_1_138' title='bbox 432 1849 642 1906; x_wconf 82' lang='lat' dir='ltr'>supervolitaverit</span> <span class='ocrx_word' id='word_1_139' title='bbox 652 1850 704 1904; x_wconf 85' lang='lat' dir='ltr'>alis,</span> 
     </span>
     <span class='ocr_line' id='line_1_26' title="bbox 176 1917 768 1975; baseline -0.007 -9"><span class='ocrx_word' id='word_1_140' title='bbox 176 1917 240 1966; x_wconf 88' lang='lat' dir='ltr'>hanc</span> <span class='ocrx_word' id='word_1_141' title='bbox 250 1934 294 1975; x_wconf 92' lang='lat' dir='ltr'>pro</span> <span class='ocrx_word' id='word_1_142' title='bbox 304 1934 426 1974; x_wconf 89' lang='lat' dir='ltr'>purpureo</span> <span class='ocrx_word' id='word_1_143' title='bbox 436 1934 538 1974; x_wconf 86' lang='lat' dir='ltr'>poenam</span> <span class='ocrx_word' id='word_1_144' title='bbox 548 1918 664 1965; x_wconf 84' lang='lat' dir='ltr'>scelerata</span> <span class='ocrx_word' id='word_1_145' title='bbox 674 1917 768 1972; x_wconf 84' lang='lat' dir='ltr'>capillo,</span> 
     </span>
     <span class='ocr_line' id='line_1_27' title="bbox 177 1985 738 2043; baseline -0.007 -10"><span class='ocrx_word' id='word_1_146' title='bbox 177 2002 221 2043; x_wconf 89' lang='lat' dir='ltr'>pro</span> <span class='ocrx_word' id='word_1_147' title='bbox 231 1987 308 2042; x_wconf 83' lang='lat' dir='ltr'>patris</span> <span class='ocrx_word' id='word_1_148' title='bbox 318 1987 413 2034; x_wconf 85' lang='lat' dir='ltr'>solvens</span> <span class='ocrx_word' id='word_1_149' title='bbox 424 1987 504 2034; x_wconf 84' lang='lat' dir='ltr'>excisa</span> <span class='ocrx_word' id='word_1_150' title='bbox 514 1988 539 2033; x_wconf 88' lang='lat' dir='ltr'>et</span> <span class='ocrx_word' id='word_1_151' title='bbox 549 1986 660 2032; x_wconf 78' lang='lat' dir='ltr'>funditus</span> <span class='ocrx_word' id='word_1_152' title='bbox 670 1985 738 2030; x_wconf 88' lang='lat' dir='ltr'>urbe.</span> 
     </span>
     <span class='ocr_line' id='line_1_28' title="bbox 178 2053 711 2111; baseline -0.011 -9"><span class='ocrx_word' id='word_1_153' title='bbox 178 2055 305 2110; x_wconf 83' lang='lat' dir='ltr'>conplures</span> <span class='ocrx_word' id='word_1_154' title='bbox 314 2055 381 2101; x_wconf 86' lang='lat' dir='ltr'>illam</span> <span class='ocrx_word' id='word_1_155' title='bbox 391 2053 482 2111; x_wconf 85' lang='lat' dir='ltr'>magui,</span> <span class='ocrx_word' id='word_1_156' title='bbox 493 2053 615 2107; x_wconf 76' lang='lat' dir='ltr'>Messalla,</span> <span class='ocrx_word' id='word_1_157' title='bbox 626 2053 711 2107; x_wconf 87' lang='lat' dir='ltr'>poetae</span> 
     </span>
     <span class='ocr_line' id='line_1_29' title="bbox 179 2117 839 2178; baseline -0.008 -10"><span class='ocrx_word' id='word_1_158' title='bbox 179 2127 244 2178; x_wconf 85' lang='lat' dir='ltr'>(nem</span> <span class='ocrx_word' id='word_1_159' title='bbox 255 2137 339 2169; x_wconf 87' lang='lat' dir='ltr'>verum</span> <span class='ocrx_word' id='word_1_160' title='bbox 349 2121 486 2167; x_wconf 74' lang='lat' dir='ltr'>fateamur:</span> <span class='ocrx_word' id='word_1_161' title='bbox 502 2121 569 2165; x_wconf 84' lang='lat' dir='ltr'>amat</span> <span class='ocrx_word' id='word_1_162' title='bbox 578 2117 738 2174; x_wconf 83' lang='lat' dir='ltr'>Polyhymnia</span> <span class='ocrx_word' id='word_1_163' title='bbox 746 2118 839 2172; x_wconf 85' lang='lat' dir='ltr'>verum)</span> 
     </span>
     <span class='ocr_line' id='line_1_30' title="bbox 178 2186 779 2246; baseline -0.008 -9"><span class='ocrx_word' id='word_1_164' title='bbox 178 2191 249 2246; x_wconf 75' lang='lat' dir='ltr'>longe</span> <span class='ocrx_word' id='word_1_165' title='bbox 258 2190 306 2237; x_wconf 86' lang='lat' dir='ltr'>alia</span> <span class='ocrx_word' id='word_1_166' title='bbox 316 2188 443 2245; x_wconf 71' lang='lat' dir='ltr'>perhibent</span> <span class='ocrx_word' id='word_1_167' title='bbox 452 2189 572 2234; x_wconf 80' lang='lat' dir='ltr'>mutatam</span> <span class='ocrx_word' id='word_1_168' title='bbox 583 2187 690 2233; x_wconf 86' lang='lat' dir='ltr'>membra</span> <span class='ocrx_word' id='word_1_169' title='bbox 699 2186 779 2242; x_wconf 80' lang='lat' dir='ltr'>figura</span> 
     </span>
     <span class='ocr_line' id='line_1_31' title="bbox 179 2254 770 2314; baseline -0.007 -10"><span class='ocrx_word' id='word_1_170' title='bbox 179 2258 315 2314; x_wconf 83' lang='lat' dir='ltr'>Scyllaeum</span> <span class='ocrx_word' id='word_1_171' title='bbox 325 2258 433 2303; x_wconf 88' lang='lat' dir='ltr'>monstro</span> <span class='ocrx_word' id='word_1_172' title='bbox 443 2270 527 2302; x_wconf 82' lang='lat' dir='ltr'>saxum</span> <span class='ocrx_word' id='word_1_173' title='bbox 537 2254 668 2301; x_wconf 83' lang='lat' dir='ltr'>infestante</span> <span class='ocrx_word' id='word_1_174' title='bbox 676 2254 770 2301; x_wconf 85' lang='lat' dir='ltr'>vocari:</span> 
     </span>
     <span class='ocr_line' id='line_1_32' title="bbox 179 2321 795 2383; baseline -0.008 -10"><span class='ocrx_word' id='word_1_175' title='bbox 179 2327 245 2373; x_wconf 87' lang='lat' dir='ltr'>illam</span> <span class='ocrx_word' id='word_1_176' title='bbox 255 2341 315 2383; x_wconf 88' lang='lat' dir='ltr'>esse,</span> <span class='ocrx_word' id='word_1_177' title='bbox 326 2324 431 2373; x_wconf 85' lang='lat' dir='ltr'>errantis</span> <span class='ocrx_word' id='word_1_178' title='bbox 440 2339 512 2379; x_wconf 83' lang='lat' dir='ltr'>quem</span> <span class='ocrx_word' id='word_1_179' title='bbox 523 2338 593 2379; x_wconf 89' lang='lat' dir='ltr'>saepe</span> <span class='ocrx_word' id='word_1_180' title='bbox 602 2322 710 2379; x_wconf 76' lang='lat' dir='ltr'>legamus</span> <span class='ocrx_word' id='word_1_181' title='bbox 720 2321 795 2378; x_wconf 84' lang='lat' dir='ltr'>Ulixi,</span> 
     </span>
     <span class='ocr_line' id='line_1_33' title="bbox 180 2389 837 2446; baseline -0.011 -4"><span class='ocrx_word' id='word_1_182' title='bbox 180 2395 283 2442; x_wconf 84' lang='lat' dir='ltr'>candide</span> <span class='ocrx_word' id='word_1_183' title='bbox 292 2394 439 2441; x_wconf 89' lang='lat' dir='ltr'>succinctam</span> <span class='ocrx_word' id='word_1_184' title='bbox 449 2391 595 2438; x_wconf 88' lang='lat' dir='ltr'>latrantibus</span> <span class='ocrx_word' id='word_1_185' title='bbox 605 2391 705 2446; x_wconf 79' lang='lat' dir='ltr'>inguina</span> <span class='ocrx_word' id='word_1_186' title='bbox 714 2389 837 2446; x_wconf 86' lang='lat' dir='ltr'>monstris,</span> 
     </span>
    </p>
   </div>
   <div class='ocr_carea' id='block_1_3' title="bbox 146 2461 726 2583">
    <p class='ocr_par' dir='ltr' id='par_1_8' title="bbox 146 2461 726 2583">
     <span class='ocr_line' id='line_1_34' title="bbox 146 2461 726 2582; baseline -0.012 -69"><span class='ocrx_word' id='word_1_187' title='bbox 146 2477 171 2514; x_wconf 77' lang='lat'>60</span> <span class='ocrx_word' id='word_1_188' title='bbox 182 2463 307 2582; x_wconf 48' lang='lat' dir='ltr'>Dulichia?</span> <span class='ocrx_word' id='word_1_189' title='bbox 316 2478 415 2511; x_wconf 81' lang='lat' dir='ltr'>vexasse</span> <span class='ocrx_word' id='word_1_190' title='bbox 424 2463 490 2509; x_wconf 87' lang='lat' dir='ltr'>rates</span> <span class='ocrx_word' id='word_1_191' title='bbox 500 2463 525 2508; x_wconf 91' lang='lat' dir='ltr'>et</span> <span class='ocrx_word' id='word_1_192' title='bbox 534 2461 630 2518; x_wconf 69' lang='lat' dir='ltr'>gurgite</span> <span class='ocrx_word' id='word_1_193' title='bbox 640 2461 665 2506; x_wconf 93' lang='lat' dir='ltr'>in</span> <span class='ocrx_word' id='word_1_194' title='bbox 675 2461 726 2507; x_wconf 86' lang='lat' dir='ltr'>alto</span> 
     </span>
     <span class='ocr_line' id='line_1_35' title="bbox 246 2547 281 2583; baseline 0 0"><span class='ocrx_word' id='word_1_195' title='bbox 246 2547 281 2583; x_wconf 85' lang='lat'>459</span> 
     </span>
    </p>
   </div>
   <div class='ocr_carea' id='block_1_4' title="bbox 0 0 1000 3164">
    <p class='ocr_par' dir='ltr' id='par_1_9' title="bbox 0 0 1000 3164">
     <span class='ocr_line' id='line_1_36' title="bbox 0 0 1000 3164; baseline 0 0"><span class='ocrx_word' id='word_1_196' title='bbox 0 0 1000 3164; x_wconf 95' lang='lat' dir='ltr'> </span> 
     </span>
    </p>
   </div>
  </div>
 </body>
</html>
