1972 3164
456 235 478 274 P.
492 234 613 276 VERGILI
625 235 754 277 MARONIS

262 332 355 382 Verum
363 331 425 382 haec
433 332 487 390 ipse
496 333 606 390 equidem
617 333 702 390 spatiis
711 333 823 383 exclusus
832 334 921 393 iniquis

263 403 389 458 praetereo
398 402 470 458 afflue
480 401 534 449 aliis
545 403 600 458 post
609 417 648 449 me
658 403 816 450 memoranda
824 404 942 462 relinquo.

291 471 364 519 Nunc
374 485 427 528 age,
437 471 540 518 naturas
549 470 635 526 apibus
644 485 704 527 quas
714 471 827 527 Iuppiter
835 472 888 530 ipse

217 553 253 592 150
264 540 365 598 addidit,
376 539 509 596 expediam,
520 555 565 594 pro
575 555 623 596 qua
632 541 743 587 mercede
753 555 853 588 canoros

264 609 382 658 Curetum
392 608 485 656 sonitus
496 607 686 664 crepitantiaque
696 624 754 656 aera
763 611 861 658 secutae

264 677 366 726 Dictaeo
376 677 437 725 caeli
446 692 527 734 regem
538 691 627 732 pavere
637 677 682 724 sub
692 679 773 726 antro.

264 745 334 794 Solae
343 760 483 793 communes
493 747 573 802 natos,
584 746 705 792 consortia
714 747 781 794 tecta

263 813 330 860 urbis
336 813 434 871 habent,
441 813 583 870 magnisque
589 813 687 870 agitant
693 815 738 861 sub
747 815 841 872 legibus
847 831 944 878 aevum,

263 883 289 929 et
298 881 402 938 patriam
412 882 476 929 solae
485 884 512 930 et
521 883 599 930 certos
610 897 698 930 novere
708 885 808 939 penates
816 902 823 941 ;

262 948 426 1006 venturaeque
436 950 520 998 hiemis
530 966 647 998 memores
657 953 751 999 aestate
761 951 870 1000 laborem

263 1019 422 1074 experiuntur
431 1020 456 1066 et
465 1019 491 1066 in
501 1019 607 1066 medium
617 1020 727 1076 quaesita
735 1023 867 1077 reponunt.

263 1087 374 1142 Namque
384 1087 445 1134 aliae
455 1088 523 1134 victu
532 1088 664 1145 invigilant
673 1090 699 1135 et
708 1089 805 1136 foedere
815 1093 889 1145 pacto

264 1157 408 1203 exercentur
416 1155 481 1212 agris
489 1175 495 1212 3
510 1172 566 1212 para
576 1157 643 1203 intra
652 1159 737 1212 saepta
746 1158 873 1206 domorum

217 1231 254 1269 1⁶0
264 1224 366 1272 narcissi
375 1223 501 1271 lacrimam
510 1226 535 1271 et
545 1224 640 1272 lentum
649 1226 679 1272 de
689 1226 778 1273 cortice
787 1226 875 1282 gluten

264 1294 344 1351 prima
353 1293 416 1340 favia
427 1295 521 1349 ponunt
530 1293 682 1351 fundamina,
693 1293 779 1342 deinde
788 1295 888 1342 tenaces

265 1363 415 1418 suspendunt
425 1377 492 1410 ceras
504 1381 510 1418 ;
526 1362 587 1409 aliae
600 1377 667 1417 spem
676 1362 756 1418 gentis
766 1362 863 1411 adultos

265 1431 371 1479 educunt
380 1430 446 1478 fetus
457 1449 463 1487 3
479 1430 540 1477 aliae
549 1430 678 1486 purissima
688 1429 761 1476 mella
781 1462 783 1466 -

265 1500 359 1555 stipant
368 1500 394 1546 et
403 1499 494 1555 liquido
503 1498 645 1546 distendunt
654 1500 752 1546 nectare
762 1498 844 1546 cellas.

265 1572 329 1620 Sunt
339 1571 425 1627 quibus
435 1572 467 1618 ad
475 1572 559 1627 portas
569 1570 654 1618 cecidit
664 1570 773 1618 custodia
783 1571 852 1628 sorti,

264 1641 337 1696 inque
347 1640 423 1688 vicem
434 1639 591 1696 speculantur
600 1654 674 1694 aquas
685 1640 711 1686 et
720 1638 805 1685 nubila
814 1639 883 1697 caeli,

265 1711 309 1756 aut
318 1724 393 1756 onera
402 1709 524 1764 accipiunt
534 1707 682 1764 venientum,
693 1708 737 1754 aut
746 1708 844 1765 agmine
853 1708 920 1756 iacto

265 1777 380 1833 ignavum
389 1776 457 1824 fucos
467 1791 539 1832 pecua
549 1792 565 1823 a
573 1776 728 1832 praesepibus
738 1777 831 1824 arcent.

266 1845 356 1893 Fervet
365 1860 434 1902 opus,
444 1844 600 1900 redolentque
614 1844 697 1900 thymo
709 1844 849 1901 fragrantia
861 1847 943 1895 mella.

219 1925 255 1962 ¹70
265 1914 303 1962 Ac
312 1913 388 1960 veluti
396 1913 469 1960 lentis
480 1912 594 1969 cyclopes
604 1912 708 1960 fulmina
717 1914 803 1961 massis

266 1997 321 2030 cum
331 1982 471 2037 properant,
481 1980 523 2027 alii
532 1980 636 2027 taminia
646 1980 743 2027 follibus
757 1997 830 2028 auras

265 2050 388 2106 accipiunt
397 2050 556 2106 redduntque,
568 2049 610 2095 alii
620 2049 749 2096 stridentia
758 2049 859 2106 tingunt

265 2134 323 2167 aera
331 2119 402 2176 lacu3
417 2118 493 2174 gemit
502 2117 622 2173 impositis
631 2118 759 2165 incudibus
769 2118 851 2165 Aetna
860 2137 867 2174 ς

264 2187 301 2236 illi
310 2187 375 2234 inter
383 2201 435 2234 sese
444 2201 533 2242 magna
542 2186 566 2232 vi
575 2186 675 2234 brachia
683 2186 773 2234 tollunt

265 2257 292 2306 iu
300 2270 437 2312 numerum,
446 2255 592 2309 versantque
601 2254 682 2301 tenaci
691 2255 782 2310 forcipe
791 2254 886 2302 ferrum
895 2276 901 2302 :

265 2341 314 2373 non
324 2324 403 2381 aliter,
414 2323 519 2378 siparva
528 2322 584 2369 licet
594 2337 735 2378 componere
744 2323 848 2380 magnis,

267 2392 394 2448 Cecropias
403 2392 502 2438 innatus
511 2405 568 2445 apes
578 2405 646 2437 amor
655 2393 728 2448 urget
737 2391 842 2439 habendi

266 2476 366 2509 munere
376 2474 494 2517 quamque
504 2473 555 2506 suo.
586 2459 733 2506 Grandaevis
743 2460 832 2515 oppida
841 2474 915 2508 curae

267 2530 294 2578 et
302 2528 398 2576 munire
407 2527 476 2576 favos
486 2528 512 2576 et
521 2527 622 2575 daedala
634 2527 725 2585 fingere
735 2528 810 2576 tecta.
