1972 3164
352 172 375 209 P.
388 170 508 211 VERGILI
520 169 651 212 Mnnonls

162 284 212 316 nou
222 283 291 316 secur
301 284 330 316 ec
340 268 431 325 liquida
443 269 569 325 siquando
579 271 651 316 nocte
662 272 771 318 cometae

162 337 289 394 sanguinei
298 337 401 394 lugubre
411 337 507 394 rubent,
519 338 563 383 aut
573 337 651 384 Sirius
661 339 743 396 ardor,

162 406 203 453 ilie
213 406 279 453 sitim
289 405 429 461 morbosque
439 405 521 452 ferens
530 405 676 453 mortalibus
686 407 774 463 aegris,

163 474 274 521 nascitur
282 475 308 521 et
317 474 385 520 laevo
395 473 525 520 contristat
534 473 625 520 lumine
635 474 739 522 caelum.

192 542 267 589 Haud
276 544 360 588 tamen
369 541 456 588 audaci
465 541 549 587 Turno
558 540 648 588 fiducia
658 543 732 590 cessit

163 609 237 657 litora
246 610 384 666 praecipere
393 610 419 656 et
426 609 550 657 venientes
559 609 649 665 pellere
659 612 736 658 terra.

167 676 252 738 [Ultro
261 678 354 725 animo·
363 677 429 725 tollit
439 677 511 725 dictis
521 680 595 733 atque
604 678 718 734 increpat
727 679 795 726 ultro
803 680 822 738 ι]

166 745 250 803 ‘Quod
260 746 322 793 votis
332 745 443 802 optastis,
454 744 532 802 adeat,
543 745 697 802 perfringere
706 747 809 794 dextra:

117 823 155 862 280
165 814 191 861 in
201 814 311 860 manibus
321 814 390 861 Mare
399 813 459 870 ipse,
469 813 524 860 viri.
554 813 628 860 Nunc
638 814 749 871 coniugia
758 815 811 861 ento

165 883 264 940 quinque
275 897 332 930 suae
341 882 447 938 tectique
458 896 558 937 memor,
568 896 635 929 nnnc
644 896 737 938 magna
745 881 837 928 referto

165 951 240 1007 facta,
248 953 346 1006 patrum
352 950 444 998 laudes.
458 950 532 998 Ultro
539 965 696 998 occurramus
703 951 735 998 ad
743 951 841 1006 undum,

166 1019 224 1066 dum'
234 1019 330 1076 trepidi,
341 1019 488 1076 egrersisque
498 1019 583 1066 labant
592 1019 698 1078 vestigia
707 1019 794 1076 prima.

166 1088 281 1134 audentes
291 1087 402 1134 Fortuna
411 1088 497 1135 iuvat!

168 1157 236 1203 Haec
246 1156 288 1213 ait,
299 1157 324 1202 ct
334 1171 415 1203 recum
425 1158 516 1213 versat,
527 1171 586 1212 quoa
596 1156 685 1204 ducere
694 1158 782 1204 contro

167 1224 206 1271 vel
215 1223 300 1280 quibus
310 1224 417 1272 obsessos
427 1225 504 1280 possit
514 1225 657 1272 concredere
667 1240 759 1272 muros.

196 1293 295 1340 Interea
304 1293 399 1340 Aeneas
410 1292 485 1340 socios
495 1293 525 1340 dc
535 1293 656 1349 puppibus
666 1293 722 1340 altis

168 1361 281 1417 pontibus
291 1361 396 1418 exponit.
426 1361 503 1408 Multi
512 1375 608 1408 servare
617 1375 732 1408 recursus

168 1429 307 1487 languentia
316 1430 396 1487 pelagi
406 1431 431 1478 et
440 1429 552 1477 brevibus
562 1444 588 1476 ae
599 1429 696 1477 credere
705 1429 780 1485 saltu,

120 1519 158 1556 290
169 1513 212 1554 per
221 1513 299 1546 remos
309 1499 358 1547 alii.
389 1498 532 1554 Speculatus
542 1497 615 1545 litora
625 1497 746 1554 Tarchon,

169 1567 285 1622 quavada
294 1582 343 1614 non
352 1567 449 1623 spirant
457 1582 502 1614 nec
511 1566 593 1614 fracta
598 1568 764 1613 remurmurat
770 1565 844 1622 unda,

169 1634 211 1680 sed
220 1649 286 1682 mare
296 1635 441 1683 inoffensum
451 1634 568 1682 crescenti
577 1633 694 1681 allabitur
703 1636 782 1691 aertu,

170 1703 275 1750 advertit
285 1703 364 1750 subito
373 1719 472 1759 proram
481 1703 602 1759 sociosque
613 1704 728 1758 precatur
738 1723 744 1749 ε

170 1769 176 1791 ⁴
186 1771 266 1827 Nunc,
278 1787 291 1818 o
301 1770 364 1819 lecta
373 1787 468 1829 manus,
478 1771 564 1818 validis
573 1770 706 1818 incumbite
714 1771 802 1827 remis;

170 1839 256 1896 tollite,
267 1839 329 1886 ferte
339 1841 405 1886 rates
414 1859 420 1896 ς
434 1839 556 1887 inimicam
566 1838 651 1885 findite
661 1839 748 1884 rostris

169 1908 232 1955 hauc
242 1909 342 1964 terram,
353 1907 492 1963 sulcumque
502 1907 548 1954 eibi
557 1908 651 1962 premat
661 1907 714 1962 ipsa
724 1907 816 1952 carine.

170 1975 294 2032 Frangere
304 1991 348 2022 nec
357 1975 402 2022 tali
411 1975 511 2031 puppim
521 1975 625 2022 statione
635 1989 720 2022 recuso

171 2046 269 2099 arrepta
279 2044 366 2090 tellure
376 2043 466 2090 semei)
497 2042 564 2098 Quae
574 2042 635 2089 talia
644 2044 772 2098 postquam

172 2113 260 2158 effatus
271 2111 390 2168 Tarchon,
402 2111 459 2158 socii
468 2125 612 2166 consurgere
621 2110 698 2157 tonsis

125 2203 162 2240 300
173 2182 358 2236 spumantesque
367 2181 433 2226 rates
443 2179 507 2224 ervia
517 2178 608 2226 inferre
618 2178 721 2235 Latinis,

173 2248 246 2295 donec
255 2250 335 2294 rostra
344 2248 428 2294 tenent
438 2246 535 2303 siccum,
545 2248 571 2293 et
581 2247 662 2293 nederc
672 2247 769 2294 carinae

172 2330 254 2363 omnes
264 2316 388 2372 innocuae,
399 2314 442 2361 sed
450 2329 498 2360 non
508 2314 596 2370 puppis
603 2315 656 2371 tua,
667 2314 787 2362 Tarchon.

173 2383 283 2439 Namque
293 2383 386 2431 inflicta
394 2382 462 2430 vadis
472 2382 544 2430 dorso
556 2382 615 2430 dum
625 2382 715 2440 pendet
723 2382 815 2439 iniquo,

411 2471 447 2503 283.
466 2477 484 2502 a.
491 2467 505 2502 1.
515 2467 608 2508 ‘egressi'

220 2523 229 2566 ί
238 2535 272 2569 ³54
281 2521 289 2568 )
