1972 3164
410 168 520 208 AENEIS.
545 169 600 208 VIII

170 264 276 313 maximo
285 267 421 313 tercentum
432 268 510 313 totum
520 266 620 313 delubra
629 281 673 322 per
682 267 774 314 urbem.

170 332 277 382 Laetitia
285 333 393 391 ludisque
402 334 456 382 vine
465 335 598 391 plausuque
606 334 743 382 fremebant
753 355 758 391 ;

170 402 280 450 omnibus
289 402 316 450 in
324 402 421 458 templis
432 405 538 449 metrum
549 403 644 460 chorus,
651 403 762 450 omnibus
772 419 843 460 aruo3

171 474 228 519 unte
238 473 394 519 crastenum
405 471 468 518 caesi
478 473 586 518 stravere
596 472 698 520 iuvenci.

121 552 160 588 720
171 540 235 598 Ipse,
246 541 330 589 sedens
339 541 409 588 niveo
419 540 544 587 candentis
553 539 635 587 limine
646 540 744 599 Phoebi,

170 609 235 657 dono
243 609 391 666 recognoscit
401 608 544 665 populorum
552 610 669 665 aptatque
679 612 788 666 superbis

170 678 278 735 postibus
287 697 294 735 ;
307 677 423 725 incedunt
433 677 511 724 victae
521 677 592 733 longo
602 678 685 725 ordine
694 681 788 738 gentes,

170 763 243 803 quum
253 747 334 794 variae
344 745 441 803 linguis,
452 745 538 792 habitu
547 746 599 792 tam
608 747 682 794 vestis
692 749 717 794 et
727 749 808 795 ermis.

172 816 220 864 Hie
230 816 367 863 Nomadum
377 831 453 872 genus
463 816 489 863 et
498 813 626 861 discinctos
636 816 844 874 MulciberAfros‚

171 884 211 933 hic
220 884 320 942 Ielogas
330 885 451 939 Carasque
461 883 655 940 sugIttiIerosque
666 884 769 932 Gelonos

172 954 276 1002 finxerat
285 973 291 1010 3
306 953 445 1009 Euphrates
454 952 507 998 ibat
516 952 565 998 iam
576 952 671 999 mollior
678 954 759 1011 undis,

171 1023 318 1079 extxemique
327 1021 452 1069 hominum
465 1019 564 1077 Momm,
575 1020 722 1077 Rhenusque
731 1022 845 1078 bicornis,

171 1091 328 1146 indomitique
337 1090 432 1146 Dahae,
442 1091 468 1137 et
482 1090 580 1145 pontem
592 1088 733 1145 indignatus
743 1089 844 1138 Araxes.

173 1160 244 1207 'salu
253 1175 296 1215 per
305 1158 409 1215 clipeum
418 1158 531 1213 Vulcani,
542 1157 605 1204 dona
614 1158 731 1214 parentis,

125 1238 162 1276 730
173 1229 278 1276 miratur
287 1242 416 1283 rerumque
425 1227 525 1284 ignarus
534 1226 640 1282 imagine
649 1226 748 1282 gaudet,

173 1297 288 1347 attollens
298 1311 382 1346 nmero
391 1295 530 1350 famamque
539 1295 564 1342 et
574 1294 629 1343 Into
637 1296 762 1350 nepotum.
