1972 3164
375 347 397 386 P.
410 346 529 387 VERGILI
542 346 669 387 MARONIS

183 443 272 501 Aspice
282 445 308 492 et
318 443 432 492 extremis
442 442 559 491 domitum
569 440 701 491 cultoribus
710 439 794 489 orbem

185 513 296 570 ansque
306 513 388 560 domos
397 513 506 560 Arabum
516 513 639 569 pictosque
650 510 767 558 Gelonos:

183 581 273 629 divisae
283 582 409 629 arboribus
419 582 521 637 patriae.
552 581 609 628 Sola
618 580 688 627 India
697 579 795 636 nigrum

182 650 234 698 fert
243 651 371 707 hebenum,
383 650 438 697 solis
448 652 486 697 est
494 651 566 696 turea
575 649 644 705 virga
654 647 760 695 Sabaeis.

184 718 248 775 Quid
257 718 303 765 tibi
312 719 411 765 odorato
420 717 525 765 referam
535 717 649 765 sudantia
658 717 725 774 ligno

183 787 337 842 balsamaque
347 788 373 833 et
381 787 453 834 bacas
463 801 558 842 semper
567 785 702 833 frondentis
712 784 829 832 acanthi?

137 868 173 892 120
185 856 248 912 Quid
257 869 357 902 nemora
366 854 513 910 Aethiopum
522 854 590 901 molli
599 854 712 902 canentia
721 854 788 911 lana,

184 924 319 979 velleraque
329 924 358 970 ut
367 922 431 970 foliis
442 924 571 978 depectant
580 923 663 969 tenuia
673 923 759 975 Seres:

184 993 228 1038 aut
238 1006 296 1046 quos
305 992 400 1038 Oceano
409 991 506 1047 propior
515 991 579 1047 gerit
589 991 659 1038 India
668 991 745 1048 lucos,

184 1060 286 1107 extremi
296 1060 362 1106 sinus
372 1059 444 1116 orbis,
454 1059 496 1105 ubi
505 1061 563 1106 a'e'ra
572 1059 668 1107 vincere
678 1074 801 1106 summum

184 1128 277 1175 arboris
287 1128 353 1175 haud
363 1128 427 1174 ullae
436 1127 503 1174 iactu
513 1129 613 1184 potuere
623 1128 746 1184 sagittae?

184 1198 218 1244 nt
227 1212 287 1253 gens
296 1196 339 1242 illa
348 1196 443 1251 quidcm
454 1196 556 1252 sumptis
566 1211 614 1243 non
624 1196 696 1242 tarda
701 1196 836 1251 pharetris.

185 1265 267 1312 Media
275 1265 325 1311 fert
333 1264 416 1310 tristes
426 1279 495 1311 sucos
505 1264 647 1320 tardumque
657 1279 767 1320 saporem

185 1333 261 1381 felicis
271 1333 336 1390 mali,
348 1348 395 1388 quo
403 1346 451 1378 non
461 1333 613 1388 praesentius
622 1333 709 1390 ullum,

185 1402 271 1458 pocula
280 1401 301 1449 si
310 1401 405 1458 quando
415 1415 500 1447 saevae
509 1400 615 1448 iniecere
625 1416 751 1458 novercas,

188 1469 396 1530 [miscueruntque
407 1469 493 1516 herbas
503 1471 528 1516 et
538 1485 587 1517 non
596 1469 694 1516 innoxia
702 1468 800 1528 verba]

138 1557 174 1592 130
186 1540 302 1587 auxilium
312 1539 379 1586 venit
389 1554 417 1586 sc
426 1538 540 1585 membris
550 1538 602 1594 aqit
611 1541 667 1585 atra
676 1553 777 1586 venena.

186 1609 244 1664 Ipsa
252 1608 337 1665 ingens
347 1607 418 1654 arbos
428 1606 560 1663 faciemque
570 1606 691 1654 simillima
699 1607 784 1664 lanr03

185 1678 219 1733 et,
231 1676 251 1723 si
261 1691 310 1723 non
321 1676 395 1722 alium
405 1676 455 1722 late
465 1675 568 1723 iactaret
578 1676 683 1733 odorem,

185 1744 269 1791 laurus
280 1747 347 1790 erat:
362 1744 422 1791 folia
430 1744 496 1790 haud
506 1744 562 1790 ullis
571 1743 679 1792 labentia
687 1745 781 1802 ventis;

186 1812 229 1859 flos
239 1813 270 1859 ad
280 1812 360 1868 prima
369 1814 456 1868 tenax3
471 1812 563 1859 animas
573 1814 598 1860 et
608 1813 698 1861 olentia
707 1813 775 1861 Medi

185 1896 228 1928 ora
237 1880 321 1928 fovent
331 1881 372 1927 illo
382 1882 407 1928 et
417 1880 513 1928 senibus
526 1882 679 1929 medicantur
688 1882 789 1929 anhelis.

213 1949 260 1997 Sed
269 1965 346 2006 neque
356 1949 484 1996 Medorum
494 1949 575 2007 silvae,
587 1950 705 1998 ditissima
713 1952 788 2007 terra,

185 2034 229 2066 nec
239 2019 339 2075 pulcher
349 2019 446 2076 Ganges
456 2019 529 2074 alque
539 2033 599 2065 auro
609 2019 721 2066 turbidus
731 2020 839 2067 Hermus

184 2087 296 2134 laudibus
306 2087 393 2134 Italiae
402 2088 505 2144 certent,
515 2102 565 2134 non
571 2087 664 2135 Bactra
672 2103 749 2143 neque
759 2087 816 2134 Indi

185 2157 284 2211 totaque
294 2155 404 2202 turiferis
414 2155 538 2203 Panchaia
547 2155 643 2212 pinguis
652 2156 758 2203 harenis.

138 2237 174 2272 140
186 2224 256 2270 Haec
264 2222 317 2269 loca
326 2238 375 2269 non
385 2223 452 2269 tauri
461 2224 582 2279 spirantes
592 2225 691 2271 naribus
699 2224 780 2280 ignem

185 2291 305 2338 invertere
315 2291 374 2337 satis
384 2291 497 2338 immanis
507 2292 620 2339 dentibus
630 2292 709 2349 hydri,

185 2376 229 2408 nec
238 2360 312 2417 galeis
323 2359 448 2414 densisque
457 2360 536 2406 virum
547 2375 614 2417 seges
624 2361 719 2407 horruit
728 2360 805 2407 hastis
813 2379 819 2416 ς

185 2429 228 2478 sed
237 2429 351 2487 gravidae
361 2427 445 2484 fruges
455 2428 581 2476 etBacchi
590 2429 709 2476 Massicus
718 2445 789 2476 umor

184 2497 313 2553 implevere
323 2517 329 2552 ;
343 2497 428 2544 tenent
438 2496 504 2544 oleae
514 2499 671 2553 armentaque
681 2498 754 2544 laeta.

185 2564 250 2611 Hinc
259 2564 362 2612 bellator
370 2580 445 2620 equus
456 2580 541 2620 campo
550 2579 601 2612 sese
611 2566 703 2612 arduus
712 2565 790 2613 infert
802 2585 808 2622 ;

185 2631 242 2748 hinc(
250 2632 307 2743 gibi,
318 2631 448 2690 Clitumna,
459 2647 544 2690 greges
554 2635 581 2681 et
591 2633 698 2681 maxima
707 2636 794 2682 taurus
