<?xml version="1.0" encoding="UTF-8"?>
<!DOCTYPE html PUBLIC "-//W3C//DTD XHTML 1.0 Transitional//EN"
    "http://www.w3.org/TR/xhtml1/DTD/xhtml1-transitional.dtd">
<html xmlns="http://www.w3.org/1999/xhtml" xml:lang="en" lang="en">
 <head>
  <title>
</title>
<meta http-equiv="Content-Type" content="text/html;charset=utf-8" />
  <meta name='ocr-system' content='tesseract 3.04.00' />
  <meta name='ocr-capabilities' content='ocr_page ocr_carea ocr_par ocr_line ocrx_word'/>
</head>
<body>
  <div class='ocr_page' id='page_1' title='image "./pvergilimaronis07virggoog/pvergilimaronis07virggoog_0115.png"; bbox 0 0 1972 3164; ppageno 0'>
   <div class='ocr_carea' id='block_1_1' title="bbox 434 249 729 295">
    <p class='ocr_par' dir='ltr' id='par_1_1' title="bbox 434 249 729 295">
     <span class='ocr_line' id='line_1_1' title="bbox 434 249 729 295; baseline 0.01 -6"><span class='ocrx_word' id='word_1_1' title='bbox 434 251 457 295; x_wconf 82' lang='lat' dir='ltr'><strong>P.</strong></span> <span class='ocrx_word' id='word_1_2' title='bbox 469 249 589 290; x_wconf 77' lang='lat' dir='ltr'>VERGILI</span> <span class='ocrx_word' id='word_1_3' title='bbox 601 250 729 293; x_wconf 77' lang='lat' dir='ltr'>MARONIS</span> 
     </span>
    </p>
   </div>
   <div class='ocr_carea' id='block_1_2' title="bbox 196 344 955 2048">
    <p class='ocr_par' dir='ltr' id='par_1_2' title="bbox 196 344 955 2048">
     <span class='ocr_line' id='line_1_2' title="bbox 243 344 912 410; baseline 0.006 -14"><span class='ocrx_word' id='word_1_4' title='bbox 243 346 335 396; x_wconf 83' lang='lat' dir='ltr'><strong>Verum</strong></span> <span class='ocrx_word' id='word_1_5' title='bbox 344 344 386 394; x_wconf 88' lang='lat' dir='ltr'><strong>ubi</strong></span> <span class='ocrx_word' id='word_1_6' title='bbox 396 347 535 404; x_wconf 75' lang='lat' dir='ltr'><strong>comptum</strong></span> <span class='ocrx_word' id='word_1_7' title='bbox 545 347 656 396; x_wconf 83' lang='lat' dir='ltr'><strong>manibus</strong></span> <span class='ocrx_word' id='word_1_8' title='bbox 665 347 798 406; x_wconf 78' lang='lat' dir='ltr'><strong>vinclisque</strong></span> <span class='ocrx_word' id='word_1_9' title='bbox 808 350 912 410; x_wconf 85' lang='lat' dir='ltr'><strong>tenebis,</strong></span> 
     </span>
     <span class='ocr_line' id='line_1_3' title="bbox 243 417 864 473; baseline 0.008 -10"><span class='ocrx_word' id='word_1_10' title='bbox 243 418 296 463; x_wconf 89' lang='lat' dir='ltr'><strong>tum</strong></span> <span class='ocrx_word' id='word_1_11' title='bbox 307 417 388 464; x_wconf 83' lang='lat' dir='ltr'><strong>variae</strong></span> <span class='ocrx_word' id='word_1_12' title='bbox 398 417 496 464; x_wconf 85' lang='lat' dir='ltr'><strong>eludent</strong></span> <span class='ocrx_word' id='word_1_13' title='bbox 511 417 601 473; x_wconf 84' lang='lat' dir='ltr'><strong>speeies</strong></span> <span class='ocrx_word' id='word_1_14' title='bbox 611 420 684 473; x_wconf 82' lang='lat' dir='ltr'><strong>atque</strong></span> <span class='ocrx_word' id='word_1_15' title='bbox 693 433 737 466; x_wconf 82' lang='lat' dir='ltr'><strong>ora</strong></span> <span class='ocrx_word' id='word_1_16' title='bbox 746 418 864 468; x_wconf 83' lang='lat' dir='ltr'><strong>ferarum.</strong></span> 
     </span>
     <span class='ocr_line' id='line_1_4' title="bbox 243 485 828 545; baseline 0.005 -13"><span class='ocrx_word' id='word_1_17' title='bbox 243 485 299 532; x_wconf 86' lang='lat' dir='ltr'><strong>Fiet</strong></span> <span class='ocrx_word' id='word_1_18' title='bbox 309 486 373 533; x_wconf 85' lang='lat' dir='ltr'><strong>enim</strong></span> <span class='ocrx_word' id='word_1_19' title='bbox 383 486 464 533; x_wconf 87' lang='lat' dir='ltr'><strong>subito</strong></span> <span class='ocrx_word' id='word_1_20' title='bbox 473 501 513 533; x_wconf 90' lang='lat' dir='ltr'><strong>sus</strong></span> <span class='ocrx_word' id='word_1_21' title='bbox 523 486 635 533; x_wconf 84' lang='lat' dir='ltr'><strong>horridus</strong></span> <span class='ocrx_word' id='word_1_22' title='bbox 645 488 747 542; x_wconf 83' lang='lat' dir='ltr'><strong>atraque</strong></span> <span class='ocrx_word' id='word_1_23' title='bbox 756 488 828 545; x_wconf 79' lang='lat' dir='ltr'><strong>tigris</strong></span> 
     </span>
     <span class='ocr_line' id='line_1_5' title="bbox 245 554 833 614; baseline 0.007 -14"><span class='ocrx_word' id='word_1_24' title='bbox 245 569 431 610; x_wconf 75' lang='lat' dir='ltr'><strong>squamosusque</strong></span> <span class='ocrx_word' id='word_1_25' title='bbox 444 554 518 602; x_wconf 82' lang='lat' dir='ltr'><strong>draeo</strong></span> <span class='ocrx_word' id='word_1_26' title='bbox 526 556 552 602; x_wconf 88' lang='lat' dir='ltr'><strong>et</strong></span> <span class='ocrx_word' id='word_1_27' title='bbox 561 554 631 601; x_wconf 82' lang='lat' dir='ltr'><strong>fulva</strong></span> <span class='ocrx_word' id='word_1_28' title='bbox 638 554 730 604; x_wconf 78' lang='lat' dir='ltr'><strong>cerviae</strong></span> <span class='ocrx_word' id='word_1_29' title='bbox 739 556 833 614; x_wconf 78' lang='lat' dir='ltr'><strong>lenens,</strong></span> 
     </span>
     <span class='ocr_line' id='line_1_6' title="bbox 245 622 919 680; baseline 0.004 -10"><span class='ocrx_word' id='word_1_30' title='bbox 245 624 290 670; x_wconf 84' lang='lat' dir='ltr'><strong>unt</strong></span> <span class='ocrx_word' id='word_1_31' title='bbox 300 639 379 670; x_wconf 82' lang='lat' dir='ltr'><strong>serem</strong></span> <span class='ocrx_word' id='word_1_32' title='bbox 389 622 500 670; x_wconf 76' lang='lat' dir='ltr'><strong>flammae</strong></span> <span class='ocrx_word' id='word_1_33' title='bbox 510 623 616 670; x_wconf 89' lang='lat' dir='ltr'><strong>sonitum</strong></span> <span class='ocrx_word' id='word_1_34' title='bbox 626 623 694 671; x_wconf 79' lang='lat' dir='ltr'><strong>(labit</strong></span> <span class='ocrx_word' id='word_1_35' title='bbox 704 626 777 680; x_wconf 83' lang='lat' dir='ltr'><strong>atque</strong></span> <span class='ocrx_word' id='word_1_36' title='bbox 786 625 823 673; x_wconf 83' lang='lat' dir='ltr'><strong>its</strong></span> <span class='ocrx_word' id='word_1_37' title='bbox 832 625 919 673; x_wconf 79' lang='lat' dir='ltr'><strong>vinulis</strong></span> 
     </span>
     <span class='ocr_line' id='line_1_7' title="bbox 196 691 827 748; baseline 0.005 -11"><span class='ocrx_word' id='word_1_38' title='bbox 196 709 233 745; x_wconf 85' lang='lat'><strong>410</strong></span> <span class='ocrx_word' id='word_1_39' title='bbox 245 692 346 748; x_wconf 83' lang='lat' dir='ltr'><strong>excidet,</strong></span> <span class='ocrx_word' id='word_1_40' title='bbox 358 691 436 738; x_wconf 87' lang='lat' dir='ltr'><strong>autin</strong></span> <span class='ocrx_word' id='word_1_41' title='bbox 446 707 520 747; x_wconf 84' lang='lat' dir='ltr'><strong>squas</strong></span> <span class='ocrx_word' id='word_1_42' title='bbox 530 693 615 738; x_wconf 82' lang='lat' dir='ltr'><strong>tannes</strong></span> <span class='ocrx_word' id='word_1_43' title='bbox 625 691 733 748; x_wconf 85' lang='lat' dir='ltr'><strong>dilapsus</strong></span> <span class='ocrx_word' id='word_1_44' title='bbox 742 692 827 741; x_wconf 86' lang='lat' dir='ltr'><strong>abibit.</strong></span> 
     </span>
     <span class='ocr_line' id='line_1_8' title="bbox 246 759 955 818; baseline 0.004 -10"><span class='ocrx_word' id='word_1_45' title='bbox 246 760 287 808; x_wconf 85' lang='lat' dir='ltr'><strong>sed</strong></span> <span class='ocrx_word' id='word_1_46' title='bbox 296 762 388 816; x_wconf 82' lang='lat' dir='ltr'><strong>quanto</strong></span> <span class='ocrx_word' id='word_1_47' title='bbox 397 759 438 807; x_wconf 87' lang='lat' dir='ltr'><strong>ille</strong></span> <span class='ocrx_word' id='word_1_48' title='bbox 448 759 526 817; x_wconf 73' lang='lat' dir='ltr'><strong>magis</strong></span> <span class='ocrx_word' id='word_1_49' title='bbox 535 760 626 808; x_wconf 81' lang='lat' dir='ltr'><strong>formas</strong></span> <span class='ocrx_word' id='word_1_50' title='bbox 636 775 662 808; x_wconf 88' lang='lat' dir='ltr'><strong>se</strong></span> <span class='ocrx_word' id='word_1_51' title='bbox 672 762 753 808; x_wconf 83' lang='lat' dir='ltr'><strong>vertet</strong></span> <span class='ocrx_word' id='word_1_52' title='bbox 761 761 788 808; x_wconf 93' lang='lat' dir='ltr'><strong>in</strong></span> <span class='ocrx_word' id='word_1_53' title='bbox 798 777 890 818; x_wconf 88' lang='lat' dir='ltr'><strong>omnes,</strong></span> <span class='ocrx_word' id='word_1_54' title='bbox 952 766 955 770; x_wconf 75' lang='grc'><strong><em>’</em></strong></span> 
     </span>
     <span class='ocr_line' id='line_1_9' title="bbox 244 828 819 888; baseline 0.003 -13"><span class='ocrx_word' id='word_1_55' title='bbox 244 829 323 885; x_wconf 87' lang='lat' dir='ltr'><strong>tanto,</strong></span> <span class='ocrx_word' id='word_1_56' title='bbox 333 829 399 885; x_wconf 83' lang='lat' dir='ltr'><strong>nate,</strong></span> <span class='ocrx_word' id='word_1_57' title='bbox 410 828 487 885; x_wconf 74' lang='lat' dir='ltr'><strong>magis</strong></span> <span class='ocrx_word' id='word_1_58' title='bbox 498 828 614 876; x_wconf 85' lang='lat' dir='ltr'><strong>eontende</strong></span> <span class='ocrx_word' id='word_1_59' title='bbox 624 829 721 876; x_wconf 81' lang='lat' dir='ltr'><strong>tenacis</strong></span> <span class='ocrx_word' id='word_1_60' title='bbox 730 829 819 888; x_wconf 84' lang='lat' dir='ltr'><strong>vinels,</strong></span> 
     </span>
     <span class='ocr_line' id='line_1_10' title="bbox 245 896 771 954; baseline 0.004 -11"><span class='ocrx_word' id='word_1_61' title='bbox 245 896 320 944; x_wconf 87' lang='lat' dir='ltr'><strong>donee</strong></span> <span class='ocrx_word' id='word_1_62' title='bbox 329 897 386 943; x_wconf 81' lang='lat' dir='ltr'><strong>talis</strong></span> <span class='ocrx_word' id='word_1_63' title='bbox 395 897 443 944; x_wconf 88' lang='lat' dir='ltr'><strong>erit</strong></span> <span class='ocrx_word' id='word_1_64' title='bbox 452 899 548 944; x_wconf 83' lang='lat' dir='ltr'><strong>mntsto</strong></span> <span class='ocrx_word' id='word_1_65' title='bbox 557 912 664 954; x_wconf 80' lang='lat' dir='ltr'><strong>corpore,</strong></span> <span class='ocrx_word' id='word_1_66' title='bbox 675 898 771 953; x_wconf 83' lang='lat' dir='ltr'><strong>qualem</strong></span> 
     </span>
     <span class='ocr_line' id='line_1_11' title="bbox 245 965 911 1022; baseline 0.002 -10"><span class='ocrx_word' id='word_1_67' title='bbox 245 965 341 1022; x_wconf 85' lang='lat' dir='ltr'><strong>videris,</strong></span> <span class='ocrx_word' id='word_1_68' title='bbox 351 965 448 1021; x_wconf 73' lang='lat' dir='ltr'><strong>inuento</strong></span> <span class='ocrx_word' id='word_1_69' title='bbox 456 966 551 1022; x_wconf 77' lang='lat' dir='ltr'><strong>tegeret</strong></span> <span class='ocrx_word' id='word_1_70' title='bbox 561 980 616 1012; x_wconf 86' lang='lat' dir='ltr'><strong>cum</strong></span> <span class='ocrx_word' id='word_1_71' title='bbox 625 965 719 1012; x_wconf 84' lang='lat' dir='ltr'><strong>lumina</strong></span> <span class='ocrx_word' id='word_1_72' title='bbox 729 966 830 1013; x_wconf 65' lang='lat' dir='ltr'><strong>somno!</strong></span> <span class='ocrx_word' id='word_1_73' title='bbox 908 988 911 998; x_wconf 93' lang='lat'><em>·</em></span> 
     </span>
     <span class='ocr_line' id='line_1_12' title="bbox 272 1033 918 1093; baseline 0.003 -13"><span class='ocrx_word' id='word_1_74' title='bbox 272 1034 342 1081; x_wconf 80' lang='lat' dir='ltr'><strong>Haeo</strong></span> <span class='ocrx_word' id='word_1_75' title='bbox 350 1033 385 1080; x_wconf 84' lang='lat' dir='ltr'><strong>ait</strong></span> <span class='ocrx_word' id='word_1_76' title='bbox 393 1035 418 1080; x_wconf 87' lang='lat' dir='ltr'><strong>et</strong></span> <span class='ocrx_word' id='word_1_77' title='bbox 427 1033 544 1089; x_wconf 86' lang='lat' dir='ltr'><strong>liquidnm</strong></span> <span class='ocrx_word' id='word_1_78' title='bbox 553 1033 686 1083; x_wconf 76' lang='lat' dir='ltr'><strong>ambrosiae</strong></span> <span class='ocrx_word' id='word_1_79' title='bbox 693 1034 805 1082; x_wconf 77' lang='lat' dir='ltr'><strong>defundit</strong></span> <span class='ocrx_word' id='word_1_80' title='bbox 811 1035 918 1093; x_wconf 83' lang='lat' dir='ltr'><strong>odorem,</strong></span> 
     </span>
     <span class='ocr_line' id='line_1_13' title="bbox 245 1102 912 1159; baseline 0.001 -11"><span class='ocrx_word' id='word_1_81' title='bbox 245 1102 444 1159; x_wconf 86' lang='lat' dir='ltr'><strong>qnototumnati</strong></span> <span class='ocrx_word' id='word_1_82' title='bbox 453 1102 677 1158; x_wconf 80' lang='lat' dir='ltr'><strong>corpusperduxit3</strong></span> <span class='ocrx_word' id='word_1_83' title='bbox 691 1102 764 1149; x_wconf 84' lang='lat' dir='ltr'><strong>atilli</strong></span> <span class='ocrx_word' id='word_1_84' title='bbox 909 1112 912 1117; x_wconf 82' lang='lat'>&#39;</span> 
     </span>
     <span class='ocr_line' id='line_1_14' title="bbox 245 1170 776 1227; baseline -0.004 -8"><span class='ocrx_word' id='word_1_85' title='bbox 245 1171 321 1220; x_wconf 83' lang='lat' dir='ltr'><strong>duleis</strong></span> <span class='ocrx_word' id='word_1_86' title='bbox 332 1170 468 1226; x_wconf 85' lang='lat' dir='ltr'><strong>compositis</strong></span> <span class='ocrx_word' id='word_1_87' title='bbox 478 1170 581 1227; x_wconf 76' lang='lat' dir='ltr'><strong>spiravit</strong></span> <span class='ocrx_word' id='word_1_88' title='bbox 591 1171 697 1218; x_wconf 77' lang='lat' dir='ltr'><strong>crinibus</strong></span> <span class='ocrx_word' id='word_1_89' title='bbox 707 1186 776 1227; x_wconf 85' lang='lat' dir='ltr'><strong>aura,</strong></span> 
     </span>
     <span class='ocr_line' id='line_1_15' title="bbox 246 1239 919 1297; baseline 0.003 -11"><span class='ocrx_word' id='word_1_90' title='bbox 246 1239 674 1296; x_wconf 81' lang='lat' dir='ltr'><strong>atquehnbilismembrisvenitvigor.</strong></span> <span class='ocrx_word' id='word_1_91' title='bbox 693 1239 919 1297; x_wconf 74' lang='lat' dir='ltr'><strong>Estspeeusingens</strong></span> 
     </span>
     <span class='ocr_line' id='line_1_16' title="bbox 245 1307 792 1366; baseline 0 -11"><span class='ocrx_word' id='word_1_92' title='bbox 245 1307 310 1356; x_wconf 83' lang='lat' dir='ltr'><strong>exesi</strong></span> <span class='ocrx_word' id='word_1_93' title='bbox 319 1308 396 1355; x_wconf 82' lang='lat' dir='ltr'><strong>lutere</strong></span> <span class='ocrx_word' id='word_1_94' title='bbox 404 1307 430 1354; x_wconf 93' lang='lat' dir='ltr'><strong>in</strong></span> <span class='ocrx_word' id='word_1_95' title='bbox 440 1308 537 1366; x_wconf 86' lang='lat' dir='ltr'><strong>montis,</strong></span> <span class='ocrx_word' id='word_1_96' title='bbox 548 1323 595 1364; x_wconf 90' lang='lat' dir='ltr'><strong>quo</strong></span> <span class='ocrx_word' id='word_1_97' title='bbox 604 1308 710 1364; x_wconf 83' lang='lat' dir='ltr'><strong>plurimu</strong></span> <span class='ocrx_word' id='word_1_98' title='bbox 719 1309 792 1355; x_wconf 78' lang='lat' dir='ltr'><strong>vento</strong></span> 
     </span>
     <span class='ocr_line' id='line_1_17' title="bbox 197 1375 862 1436; baseline -0.002 -11"><span class='ocrx_word' id='word_1_99' title='bbox 197 1399 234 1436; x_wconf 64' lang='grc' dir='ltr'><strong>ρο</strong></span> <span class='ocrx_word' id='word_1_100' title='bbox 246 1376 341 1433; x_wconf 76' lang='lat' dir='ltr'><strong>ungitur</strong></span> <span class='ocrx_word' id='word_1_101' title='bbox 349 1377 421 1432; x_wconf 86' lang='lat' dir='ltr'><strong>inque</strong></span> <span class='ocrx_word' id='word_1_102' title='bbox 431 1376 497 1423; x_wconf 89' lang='lat' dir='ltr'><strong>sinus</strong></span> <span class='ocrx_word' id='word_1_103' title='bbox 507 1376 594 1424; x_wconf 79' lang='lat' dir='ltr'><strong>scindit</strong></span> <span class='ocrx_word' id='word_1_104' title='bbox 604 1391 655 1423; x_wconf 87' lang='lat' dir='ltr'><strong>sese</strong></span> <span class='ocrx_word' id='word_1_105' title='bbox 664 1376 730 1422; x_wconf 89' lang='lat' dir='ltr'><strong>unda</strong></span> <span class='ocrx_word' id='word_1_106' title='bbox 739 1375 862 1433; x_wconf 81' lang='lat' dir='ltr'><strong>reduetus,</strong></span> 
     </span>
     <span class='ocr_line' id='line_1_18' title="bbox 247 1445 756 1502; baseline -0.004 -9"><span class='ocrx_word' id='word_1_107' title='bbox 247 1446 370 1502; x_wconf 78' lang='lat' dir='ltr'><strong>deprensis</strong></span> <span class='ocrx_word' id='word_1_108' title='bbox 379 1446 436 1493; x_wconf 91' lang='lat' dir='ltr'><strong>olim</strong></span> <span class='ocrx_word' id='word_1_109' title='bbox 446 1446 521 1493; x_wconf 88' lang='lat' dir='ltr'><strong>statio</strong></span> <span class='ocrx_word' id='word_1_110' title='bbox 529 1445 653 1492; x_wconf 83' lang='lat' dir='ltr'><strong>tutissima</strong></span> <span class='ocrx_word' id='word_1_111' title='bbox 661 1445 744 1491; x_wconf 85' lang='lat' dir='ltr'><strong>nantis</strong></span> <span class='ocrx_word' id='word_1_112' title='bbox 749 1463 756 1501; x_wconf 91' lang='lat'>;</span> 
     </span>
     <span class='ocr_line' id='line_1_19' title="bbox 245 1512 763 1570; baseline -0.006 -8"><span class='ocrx_word' id='word_1_113' title='bbox 245 1515 313 1562; x_wconf 85' lang='lat' dir='ltr'><strong>intus</strong></span> <span class='ocrx_word' id='word_1_114' title='bbox 323 1530 348 1562; x_wconf 84' lang='lat' dir='ltr'><strong>se</strong></span> <span class='ocrx_word' id='word_1_115' title='bbox 357 1514 421 1561; x_wconf 80' lang='lat' dir='ltr'><strong>vasti</strong></span> <span class='ocrx_word' id='word_1_116' title='bbox 435 1515 538 1562; x_wconf 86' lang='lat' dir='ltr'><strong>Proteus</strong></span> <span class='ocrx_word' id='word_1_117' title='bbox 546 1513 609 1570; x_wconf 71' lang='lat' dir='ltr'><strong>tegit</strong></span> <span class='ocrx_word' id='word_1_118' title='bbox 617 1513 692 1560; x_wconf 84' lang='lat' dir='ltr'><strong>obiice</strong></span> <span class='ocrx_word' id='word_1_119' title='bbox 702 1512 763 1560; x_wconf 83' lang='lat' dir='ltr'><strong>saxi.</strong></span> 
     </span>
     <span class='ocr_line' id='line_1_20' title="bbox 246 1580 920 1638; baseline -0.003 -8"><span class='ocrx_word' id='word_1_120' title='bbox 246 1584 294 1630; x_wconf 86' lang='lat' dir='ltr'><strong>Hie</strong></span> <span class='ocrx_word' id='word_1_121' title='bbox 303 1583 413 1630; x_wconf 84' lang='lat' dir='ltr'><strong>invenem</strong></span> <span class='ocrx_word' id='word_1_122' title='bbox 423 1583 448 1629; x_wconf 94' lang='lat' dir='ltr'><strong>in</strong></span> <span class='ocrx_word' id='word_1_123' title='bbox 454 1582 553 1630; x_wconf 84' lang='lat' dir='ltr'><strong>latebris</strong></span> <span class='ocrx_word' id='word_1_124' title='bbox 560 1596 671 1629; x_wconf 80' lang='lat' dir='ltr'><strong>aversum</strong></span> <span class='ocrx_word' id='word_1_125' title='bbox 678 1580 793 1629; x_wconf 80' lang='lat' dir='ltr'><strong>alumine</strong></span> <span class='ocrx_word' id='word_1_126' title='bbox 803 1581 920 1638; x_wconf 81' lang='lat' dir='ltr'><strong>Nympha</strong></span> 
     </span>
     <span class='ocr_line' id='line_1_21' title="bbox 246 1649 837 1708; baseline -0.003 -10"><span class='ocrx_word' id='word_1_127' title='bbox 246 1653 355 1708; x_wconf 80' lang='lat' dir='ltr'><strong>collocat,</strong></span> <span class='ocrx_word' id='word_1_128' title='bbox 366 1652 419 1706; x_wconf 84' lang='lat' dir='ltr'><strong>ipsa</strong></span> <span class='ocrx_word' id='word_1_129' title='bbox 429 1651 513 1707; x_wconf 77' lang='lat' dir='ltr'><strong>procul</strong></span> <span class='ocrx_word' id='word_1_130' title='bbox 522 1649 615 1697; x_wconf 85' lang='lat' dir='ltr'><strong>nebulis</strong></span> <span class='ocrx_word' id='word_1_131' title='bbox 624 1649 727 1696; x_wconf 85' lang='lat' dir='ltr'><strong>obseura</strong></span> <span class='ocrx_word' id='word_1_132' title='bbox 735 1649 837 1697; x_wconf 83' lang='lat' dir='ltr'><strong>resistit.</strong></span> 
     </span>
     <span class='ocr_line' id='line_1_22' title="bbox 246 1717 807 1775; baseline -0.005 -8"><span class='ocrx_word' id='word_1_133' title='bbox 246 1721 299 1767; x_wconf 87' lang='lat' dir='ltr'><strong>Iam</strong></span> <span class='ocrx_word' id='word_1_134' title='bbox 308 1720 408 1775; x_wconf 85' lang='lat' dir='ltr'><strong>rapidus</strong></span> <span class='ocrx_word' id='word_1_135' title='bbox 418 1721 513 1767; x_wconf 84' lang='lat' dir='ltr'><strong>torrens</strong></span> <span class='ocrx_word' id='word_1_136' title='bbox 523 1718 633 1766; x_wconf 88' lang='lat' dir='ltr'><strong>sitientes</strong></span> <span class='ocrx_word' id='word_1_137' title='bbox 644 1717 720 1765; x_wconf 84' lang='lat' dir='ltr'><strong>Sirius</strong></span> <span class='ocrx_word' id='word_1_138' title='bbox 731 1718 807 1764; x_wconf 84' lang='lat' dir='ltr'><strong>Indos</strong></span> 
     </span>
     <span class='ocr_line' id='line_1_23' title="bbox 245 1785 814 1844; baseline -0.005 -9"><span class='ocrx_word' id='word_1_139' title='bbox 245 1788 347 1835; x_wconf 75' lang='lat' dir='ltr'><strong>ardebat</strong></span> <span class='ocrx_word' id='word_1_140' title='bbox 357 1787 430 1844; x_wconf 80' lang='lat' dir='ltr'><strong>eaelo,</strong></span> <span class='ocrx_word' id='word_1_141' title='bbox 441 1789 466 1835; x_wconf 88' lang='lat' dir='ltr'><strong>et</strong></span> <span class='ocrx_word' id='word_1_142' title='bbox 476 1787 580 1833; x_wconf 82' lang='lat' dir='ltr'><strong>medium</strong></span> <span class='ocrx_word' id='word_1_143' title='bbox 590 1785 626 1834; x_wconf 87' lang='lat' dir='ltr'><strong>sol</strong></span> <span class='ocrx_word' id='word_1_144' title='bbox 635 1786 721 1842; x_wconf 67' lang='lat' dir='ltr'><strong>igneus</strong></span> <span class='ocrx_word' id='word_1_145' title='bbox 731 1786 814 1833; x_wconf 88' lang='lat' dir='ltr'><strong>orbem</strong></span> 
     </span>
     <span class='ocr_line' id='line_1_24' title="bbox 245 1853 896 1913; baseline -0.003 -9"><span class='ocrx_word' id='word_1_146' title='bbox 245 1857 362 1904; x_wconf 81' lang='lat' dir='ltr'><strong>hauserat</strong></span> <span class='ocrx_word' id='word_1_147' title='bbox 370 1876 376 1913; x_wconf 92' lang='lat'>;</span> <span class='ocrx_word' id='word_1_148' title='bbox 391 1856 494 1903; x_wconf 78' lang='lat' dir='ltr'><strong>arebant</strong></span> <span class='ocrx_word' id='word_1_149' title='bbox 504 1855 601 1912; x_wconf 87' lang='lat' dir='ltr'><strong>herbae,</strong></span> <span class='ocrx_word' id='word_1_150' title='bbox 611 1857 637 1902; x_wconf 94' lang='lat' dir='ltr'><strong>et</strong></span> <span class='ocrx_word' id='word_1_151' title='bbox 646 1869 707 1902; x_wconf 82' lang='lat' dir='ltr'><strong>cava</strong></span> <span class='ocrx_word' id='word_1_152' title='bbox 716 1854 818 1901; x_wconf 90' lang='lat' dir='ltr'><strong>flumina</strong></span> <span class='ocrx_word' id='word_1_153' title='bbox 827 1853 896 1902; x_wconf 75' lang='lat' dir='ltr'><strong>sisois</strong></span> 
     </span>
     <span class='ocr_line' id='line_1_25' title="bbox 245 1922 909 1979; baseline -0.006 -7"><span class='ocrx_word' id='word_1_154' title='bbox 245 1925 355 1973; x_wconf 81' lang='lat' dir='ltr'><strong>faucibus</strong></span> <span class='ocrx_word' id='word_1_155' title='bbox 365 1926 396 1972; x_wconf 85' lang='lat' dir='ltr'><strong>ad</strong></span> <span class='ocrx_word' id='word_1_156' title='bbox 405 1926 490 1972; x_wconf 87' lang='lat' dir='ltr'><strong>limum</strong></span> <span class='ocrx_word' id='word_1_157' title='bbox 499 1924 561 1971; x_wconf 83' lang='lat' dir='ltr'><strong>radii</strong></span> <span class='ocrx_word' id='word_1_158' title='bbox 570 1923 694 1979; x_wconf 73' lang='lat' dir='ltr'><strong>tepefacta</strong></span> <span class='ocrx_word' id='word_1_159' title='bbox 703 1922 853 1978; x_wconf 83' lang='lat' dir='ltr'><strong>coquebant:</strong></span> <span class='ocrx_word' id='word_1_160' title='bbox 907 1957 909 1961; x_wconf 85' lang='lat'>.</span> 
     </span>
     <span class='ocr_line' id='line_1_26' title="bbox 246 1990 864 2048; baseline -0.006 -7"><span class='ocrx_word' id='word_1_161' title='bbox 246 2010 301 2041; x_wconf 83' lang='lat' dir='ltr'><strong>enm</strong></span> <span class='ocrx_word' id='word_1_162' title='bbox 312 1995 415 2043; x_wconf 84' lang='lat' dir='ltr'><strong>Proteus</strong></span> <span class='ocrx_word' id='word_1_163' title='bbox 425 1995 540 2041; x_wconf 81' lang='lat' dir='ltr'><strong>consueta</strong></span> <span class='ocrx_word' id='word_1_164' title='bbox 549 1993 633 2048; x_wconf 86' lang='lat' dir='ltr'><strong>petens</strong></span> <span class='ocrx_word' id='word_1_165' title='bbox 643 2007 656 2039; x_wconf 90' lang='lat' dir='ltr'><strong>e</strong></span> <span class='ocrx_word' id='word_1_166' title='bbox 666 1990 780 2038; x_wconf 83' lang='lat' dir='ltr'><strong>fluetibus</strong></span> <span class='ocrx_word' id='word_1_167' title='bbox 790 1992 864 2038; x_wconf 80' lang='lat' dir='ltr'><strong>antra</strong></span> 
     </span>
    </p>
   </div>
   <div class='ocr_carea' id='block_1_3' title="bbox 197 2059 843 2252">
    <p class='ocr_par' dir='ltr' id='par_1_3' title="bbox 197 2059 843 2252">
     <span class='ocr_line' id='line_1_27' title="bbox 197 2059 796 2120; baseline -0.003 -12"><span class='ocrx_word' id='word_1_168' title='bbox 197 2083 234 2118; x_wconf 87' lang='lat'><strong>430</strong></span> <span class='ocrx_word' id='word_1_169' title='bbox 245 2063 298 2111; x_wconf 85' lang='lat' dir='ltr'><strong>ibat</strong></span> <span class='ocrx_word' id='word_1_170' title='bbox 307 2083 313 2120; x_wconf 92' lang='lat'>;</span> <span class='ocrx_word' id='word_1_171' title='bbox 329 2080 384 2112; x_wconf 85' lang='lat' dir='ltr'><strong>enm</strong></span> <span class='ocrx_word' id='word_1_172' title='bbox 393 2063 458 2110; x_wconf 79' lang='lat' dir='ltr'><strong>vasti</strong></span> <span class='ocrx_word' id='word_1_173' title='bbox 467 2063 557 2110; x_wconf 79' lang='lat' dir='ltr'><strong>circum</strong></span> <span class='ocrx_word' id='word_1_174' title='bbox 566 2076 625 2118; x_wconf 77' lang='lat' dir='ltr'><strong>gens</strong></span> <span class='ocrx_word' id='word_1_175' title='bbox 635 2060 718 2106; x_wconf 82' lang='lat' dir='ltr'><strong>umida</strong></span> <span class='ocrx_word' id='word_1_176' title='bbox 727 2059 796 2114; x_wconf 85' lang='lat' dir='ltr'><strong>ponti</strong></span> 
     </span>
     <span class='ocr_line' id='line_1_28' title="bbox 247 2129 776 2187; baseline -0.011 -8"><span class='ocrx_word' id='word_1_177' title='bbox 247 2133 370 2179; x_wconf 85' lang='lat' dir='ltr'><strong>exsultans</strong></span> <span class='ocrx_word' id='word_1_178' title='bbox 379 2147 459 2180; x_wconf 83' lang='lat' dir='ltr'><strong>rorem</strong></span> <span class='ocrx_word' id='word_1_179' title='bbox 469 2131 519 2178; x_wconf 81' lang='lat' dir='ltr'><strong>late</strong></span> <span class='ocrx_word' id='word_1_180' title='bbox 529 2129 647 2187; x_wconf 79' lang='lat' dir='ltr'><strong>dispergit</strong></span> <span class='ocrx_word' id='word_1_181' title='bbox 657 2143 776 2174; x_wconf 86' lang='lat' dir='ltr'><strong>amarum.</strong></span> 
     </span>
     <span class='ocr_line' id='line_1_29' title="bbox 247 2196 843 2252; baseline -0.007 -4"><span class='ocrx_word' id='word_1_182' title='bbox 247 2202 365 2248; x_wconf 80' lang='lat' dir='ltr'><strong>Sternunt</strong></span> <span class='ocrx_word' id='word_1_183' title='bbox 375 2216 401 2247; x_wconf 87' lang='lat' dir='ltr'><strong>sa</strong></span> <span class='ocrx_word' id='word_1_184' title='bbox 410 2214 493 2247; x_wconf 85' lang='lat' dir='ltr'><strong>somno</strong></span> <span class='ocrx_word' id='word_1_185' title='bbox 503 2198 613 2245; x_wconf 85' lang='lat' dir='ltr'><strong>diversae</strong></span> <span class='ocrx_word' id='word_1_186' title='bbox 622 2197 648 2243; x_wconf 92' lang='lat' dir='ltr'><strong>in</strong></span> <span class='ocrx_word' id='word_1_187' title='bbox 657 2197 729 2243; x_wconf 87' lang='lat' dir='ltr'><strong>litore</strong></span> <span class='ocrx_word' id='word_1_188' title='bbox 738 2196 843 2252; x_wconf 59' lang='lat' dir='ltr'><strong>phocam</strong></span> 
     </span>
    </p>
   </div>
   <div class='ocr_carea' id='block_1_4' title="bbox 239 2264 814 2394">
    <p class='ocr_par' dir='ltr' id='par_1_4' title="bbox 239 2264 814 2394">
     <span class='ocr_line' id='line_1_30' title="bbox 245 2264 803 2325; baseline -0.013 -9"><span class='ocrx_word' id='word_1_189' title='bbox 245 2269 296 2325; x_wconf 86' lang='lat' dir='ltr'><strong>ipse</strong></span> <span class='ocrx_word' id='word_1_190' title='bbox 305 2269 372 2315; x_wconf 84' lang='lat' dir='ltr'><strong>velut</strong></span> <span class='ocrx_word' id='word_1_191' title='bbox 382 2267 471 2316; x_wconf 80' lang='lat' dir='ltr'><strong>stabuli</strong></span> <span class='ocrx_word' id='word_1_192' title='bbox 481 2268 561 2314; x_wconf 81' lang='lat' dir='ltr'><strong>eustos</strong></span> <span class='ocrx_word' id='word_1_193' title='bbox 570 2266 596 2312; x_wconf 89' lang='lat' dir='ltr'><strong>in</strong></span> <span class='ocrx_word' id='word_1_194' title='bbox 605 2264 727 2311; x_wconf 89' lang='lat' dir='ltr'><strong>montibus</strong></span> <span class='ocrx_word' id='word_1_195' title='bbox 737 2264 803 2320; x_wconf 90' lang='lat' dir='ltr'><strong>olim,</strong></span> 
     </span>
     <span class='ocr_line' id='line_1_31' title="bbox 239 2331 814 2394; baseline -0.014 -8"><span class='ocrx_word' id='word_1_196' title='bbox 239 2354 331 2394; x_wconf 50' lang='lat' dir='ltr'><strong>*vesper</strong></span> <span class='ocrx_word' id='word_1_197' title='bbox 340 2337 382 2384; x_wconf 90' lang='lat' dir='ltr'><strong>nbi</strong></span> <span class='ocrx_word' id='word_1_198' title='bbox 391 2353 404 2384; x_wconf 85' lang='lat' dir='ltr'><strong>a</strong></span> <span class='ocrx_word' id='word_1_199' title='bbox 414 2338 487 2392; x_wconf 81' lang='lat' dir='ltr'><strong>pastu</strong></span> <span class='ocrx_word' id='word_1_200' title='bbox 495 2334 585 2381; x_wconf 83' lang='lat' dir='ltr'><strong>vitulos</strong></span> <span class='ocrx_word' id='word_1_201' title='bbox 595 2333 626 2380; x_wconf 80' lang='lat' dir='ltr'><strong>ad</strong></span> <span class='ocrx_word' id='word_1_202' title='bbox 635 2334 701 2380; x_wconf 81' lang='lat' dir='ltr'><strong>tecta</strong></span> <span class='ocrx_word' id='word_1_203' title='bbox 710 2331 814 2389; x_wconf 75' lang='lat' dir='ltr'><strong>reducit,</strong></span> 
     </span>
    </p>
   </div>
   <div class='ocr_carea' id='block_1_5' title="bbox 245 2400 908 2529">
    <p class='ocr_par' dir='ltr' id='par_1_5' title="bbox 245 2400 908 2529">
     <span class='ocr_line' id='line_1_32' title="bbox 246 2400 908 2469; baseline -0.014 -16"><span class='ocrx_word' id='word_1_204' title='bbox 246 2407 380 2462; x_wconf 80' lang='lat' dir='ltr'><strong>auditisque</strong></span> <span class='ocrx_word' id='word_1_205' title='bbox 387 2406 456 2460; x_wconf 84' lang='lat' dir='ltr'><strong>lupos</strong></span> <span class='ocrx_word' id='word_1_206' title='bbox 466 2404 557 2450; x_wconf 80' lang='lat' dir='ltr'><strong>acuunt</strong></span> <span class='ocrx_word' id='word_1_207' title='bbox 566 2401 687 2448; x_wconf 71' lang='lat' dir='ltr'><strong>balatibus</strong></span> <span class='ocrx_word' id='word_1_208' title='bbox 697 2400 762 2457; x_wconf 74' lang='lat' dir='ltr'><strong>agni,</strong></span> <span class='ocrx_word' id='word_1_209' title='bbox 905 2464 908 2469; x_wconf 25' lang='grc' dir='ltr'>Ι</span> 
     </span>
     <span class='ocr_line' id='line_1_33' title="bbox 245 2470 875 2529; baseline -0.011 -8"><span class='ocrx_word' id='word_1_210' title='bbox 245 2475 347 2521; x_wconf 83' lang='lat' dir='ltr'><strong>considit</strong></span> <span class='ocrx_word' id='word_1_211' title='bbox 357 2471 454 2529; x_wconf 80' lang='lat' dir='ltr'><strong>scopulo</strong></span> <span class='ocrx_word' id='word_1_212' title='bbox 463 2471 564 2527; x_wconf 88' lang='lat' dir='ltr'><strong>medius,</strong></span> <span class='ocrx_word' id='word_1_213' title='bbox 574 2483 748 2524; x_wconf 83' lang='lat' dir='ltr'><strong>numerumque</strong></span> <span class='ocrx_word' id='word_1_214' title='bbox 758 2470 875 2516; x_wconf 84' lang='lat' dir='ltr'><strong>reeenset.</strong></span> 
     </span>
    </p>
   </div>
   <div class='ocr_carea' id='block_1_6' title="bbox 246 2537 823 2658">
    <p class='ocr_par' dir='ltr' id='par_1_6' title="bbox 246 2537 823 2658">
     <span class='ocr_line' id='line_1_34' title="bbox 246 2537 823 2658; baseline -0.01 -68"><span class='ocrx_word' id='word_1_215' title='bbox 246 2542 441 2658; x_wconf 53' lang='grc' dir='ltr'><strong>Οιιίῗεοιὲξὶεὴαθο</strong></span> <span class='ocrx_word' id='word_1_216' title='bbox 449 2540 561 2596; x_wconf 85' lang='lat' dir='ltr'><strong>quoniam</strong></span> <span class='ocrx_word' id='word_1_217' title='bbox 570 2539 609 2586; x_wconf 85' lang='lat' dir='ltr'><strong>est</strong></span> <span class='ocrx_word' id='word_1_218' title='bbox 617 2538 700 2585; x_wconf 83' lang='lat' dir='ltr'><strong>oblatu</strong></span> <span class='ocrx_word' id='word_1_219' title='bbox 709 2537 823 2594; x_wconf 69' lang='lat' dir='ltr'><strong>insultas,</strong></span> 
     </span>
     <span class='ocr_line' id='line_1_35' title="bbox 310 2623 319 2647; baseline 0 -1"><span class='ocrx_word' id='word_1_220' title='bbox 310 2623 319 2647; x_wconf 94' lang='lat'>1</span> 
     </span>
    </p>
   </div>
   <div class='ocr_carea' id='block_1_7' title="bbox 0 0 990 3164">
    <p class='ocr_par' dir='ltr' id='par_1_7' title="bbox 0 0 990 3164">
     <span class='ocr_line' id='line_1_36' title="bbox 0 0 990 3164; baseline 0 0"><span class='ocrx_word' id='word_1_221' title='bbox 0 0 990 3164; x_wconf 95' lang='lat' dir='ltr'><strong> </strong></span> 
     </span>
    </p>
   </div>
  </div>
 </body>
</html>
