1972 3164
405 162 557 203 GEORGIOA.
582 163 613 202 1v

170 259 251 318 Dixit,
261 260 326 309 etex
335 261 410 309 oculis
420 263 502 310 subito
512 262 648 313 cenfumus
657 261 765 310 inauras

122 354 159 392 φο
170 329 317 378 commixtus
326 331 411 377 tenues
421 329 486 386 fugit
496 330 600 388 diversa,
610 346 687 387 neque
696 330 765 376 illum

170 399 328 456 prensantem
337 397 481 453 nequiquam
487 398 586 446 umbras
596 399 622 446 et
631 397 710 445 multa
719 397 839 445 volentem

170 467 250 515 dicere
260 467 385 521 praeterea
395 466 470 523 vidit3
485 482 530 514 nec
538 468 642 523 portitor
653 466 710 514 Orci

170 535 275 591 amplius
285 534 403 582 obiectam
413 550 499 591 passus
510 536 615 583 transire
625 535 747 593 paludem.

170 603 235 660 Quid
245 604 353 651 faceret?
381 604 434 660 Quo
443 620 468 651 se
478 606 551 660 rapta
559 605 597 651 bis
607 604 707 661 coniuge
717 604 809 652 ferret?

170 673 225 729 Quo
235 673 294 720 fletu
304 673 399 731 Manes,
411 688 460 729 qua
469 673 570 720 numina
579 690 638 722 voce
648 676 770 722 moveret?

170 741 219 788 Illa
229 741 330 801 quidem
336 741 421 798 Stygia
430 741 505 789 nabat
514 742 562 789 iam
572 742 661 800 frigida
671 741 764 799 cymba.

171 808 270 865 Septem
280 809 349 856 illurn
360 811 425 857 totos
435 810 564 877 perhibent
573 826 602 858 ex
612 811 695 859 ordine
705 825 799 858 menses

170 892 232 932 rupe
242 877 287 923 sub
296 877 364 925 ebria
373 878 462 924 deserti
472 878 503 925 ad
514 878 648 934 Strymonis
659 880 750 926 undam

171 945 273 1003 flevisse,
284 947 309 992 et
318 946 403 1002 gelidis
413 946 472 994 haec
482 947 597 994 evolvisse
606 947 650 995 sub
661 948 748 1005 antris,

122 1039 161 1076 ⁵¹0
171 1014 318 1061 mulcentem
328 1015 402 1071 tigres
412 1017 438 1062 et
447 1017 560 1072 agentem
570 1017 675 1064 carmine
686 1032 788 1072 quercus
799 1035 806 1072 ς

170 1082 249 1139 qualis
259 1082 363 1139 populea
372 1098 482 1130 maerens
491 1084 621 1140 philomela
630 1085 674 1132 sub
683 1084 771 1131 umbra

170 1151 271 1198 amissos
281 1150 391 1207 queritur
400 1151 474 1208 fetus,
484 1167 544 1208 quos
555 1153 630 1199 durus
640 1155 724 1200 arator

169 1220 301 1266 observans
311 1220 368 1266 nido
376 1219 503 1276 implumes
513 1221 633 1277 detraxit3
648 1222 675 1267 at
684 1221 728 1267 illa

170 1287 214 1334 flet
223 1289 327 1344 noctem,
338 1302 452 1343 ramoque
462 1289 547 1335 sedens
555 1288 690 1339 miserabile
700 1302 798 1334 carmen

169 1356 287 1417 integrat,
298 1357 323 1402 et
333 1356 432 1403 maestis
441 1357 492 1403 late
500 1356 555 1403 loca
563 1355 687 1412 questibus
697 1355 791 1410 implet.

170 1423 248 1471 Nulla
257 1423 348 1482 Venus,
359 1440 407 1472 non
416 1424 462 1471 ulli
471 1424 579 1471 animum
589 1424 676 1470 flexere
686 1421 820 1479 hymenaei.

171 1492 243 1540 Solus
252 1492 412 1549 hyperboreas
422 1492 511 1549 glacies
522 1492 671 1548 Tanaimque
680 1490 785 1538 nivalem

170 1576 277 1616 arvaque
286 1561 401 1618 Rhipaeis
411 1576 535 1616 nunquam
545 1560 647 1608 viduata
655 1559 749 1616 pruinis

171 1628 301 1687 lustrabat,
311 1630 409 1685 raptam
418 1629 558 1686 Eurydicen
568 1631 640 1685 atque
649 1628 722 1675 irrita
731 1627 797 1675 Ditis

122 1719 160 1756 520
171 1698 357 1755 donaquerens3
372 1699 467 1754 spretae
477 1697 645 1753 Ciconumque
655 1712 753 1744 munere
758 1696 849 1742 matres
929 1714 932 1720 ·

169 1769 237 1816 inter
246 1783 316 1815 sacra
325 1767 396 1813 deum
406 1766 565 1822 nocturnique
574 1765 643 1822 orgia
652 1764 743 1812 Bacchi

169 1837 321 1892 discerptum
330 1835 393 1882 latos
401 1834 512 1881 iuvenem
522 1849 632 1890 sparsere
642 1849 686 1889 per
695 1848 776 1889 agros.

169 1907 236 1954 ¹l'um
245 1921 338 1963 queque
347 1917 482 1950 marmorea
492 1904 567 1958 caput
576 1918 592 1950 a
602 1901 693 1950 cervice
703 1901 827 1949 revulsum

169 1976 269 2034 gurgite
278 1989 333 2022 cum
343 1972 421 2020 medio
430 1972 531 2027 portans
541 1970 660 2029 Oeagrius
670 1969 768 2017 Hebrus

169 2044 287 2100 volveret,
297 2040 436 2096 Eurydicen
446 2054 492 2086 vox
501 2039 556 2094 ipsa
565 2040 591 2085 st
600 2037 692 2094 frigida
700 2037 786 2096 lingua

170 2111 251 2160 “Ahr
271 2110 384 2158 miseram
405 2106 566 2162 Eurydicen'’
584 2105 666 2153 anima
682 2104 792 2162 fugiente
809 2119 849 2149 vo-

226 2179 307 2235 cubat,

170 2249 309 2306 Eurydicen
318 2247 371 2293 toto
380 2244 519 2293 referebant
529 2243 627 2297 flumine
636 2241 721 2298 ripae)

199 2319 268 2366 Haec
277 2316 389 2372 Proteus,
400 2317 426 2361 et
436 2329 460 2360 se
470 2313 537 2359 iactu
547 2310 614 2358 dedit
624 2324 713 2365 aequor
722 2307 748 2353 in
760 2305 847 2362 altum,

170 2401 265 2444 quaque
272 2385 348 2440 dedit,
355 2383 507 2439 spumantem
517 2379 608 2425 undam
618 2377 662 2423 sub
668 2375 758 2423 vertice
767 2374 851 2441 torsit.¹

122 2475 160 2512 53⁰
170 2456 207 2504 At
216 2470 265 2502 non
275 2455 381 2511 cyrenc;
395 2465 499 2506 namque
508 2448 574 2496 ultro
584 2446 661 2494 affata
670 2443 809 2491 timentem:

220 2522 291 2572 (τοο)
