1972 3164
341 114 532 156 eremmon
558 116 646 156 1v—1x

213 212 247 260 ite
254 212 319 268 hinc,
330 212 459 269 (lamense,
469 227 511 260 vos
520 227 612 269 quoque
621 213 656 260 ite
665 214 765 271 semote,

214 280 295 327 dulces
306 281 425 328 Camenae
436 281 501 337 (nem
512 280 645 328 fatebimur
655 296 748 338 verum,

214 348 295 396 dulces
305 348 404 405 fuistis),
419 350 536 396 ettamen
546 363 611 395 meas
621 349 719 396 chartas

214 417 346 474 revisitcte,
357 418 399 466 sed
408 419 528 474 pudenter
536 420 562 465 et
572 432 635 465 raro.

440 524 477 572 VI
494 523 559 581 (ΠΙ).

245 605 324 662 Socer,
335 604 405 651 beate
414 620 458 652 nec
468 605 513 652 tibi
519 620 563 652 nec
573 605 652 662 elteri,

216 688 336 732 generque
346 673 474 730 Noctuine,
485 673 595 730 putidum
605 675 687 731 ceput,

216 744 290 788 tuone
300 757 364 788 nunc
374 741 455 797 puella
463 741 520 789 talis
530 744 554 788 et
564 744 607 790 tuo

217 811 315 866 stupore
324 825 407 867 pressa
415 825 457 857 rus
466 809 557 857 abibit?
571 810 593 858 ei
603 811 670 869 mihi,

216 881 245 926 ut
254 878 295 926 ille
304 893 388 926 versus
397 894 566 935 usquequaque
576 880 682 935 pertinet
691 900 697 926 ε

217 947 306 1004 ‘gener
315 961 434 1005 socerque,
445 947 583 1004 perdidistis
595 948 692 995 omnia!

160 1135 256 1183 Scilicet
269 1136 315 1183 hoc
324 1136 375 1183 sine
384 1135 479 1192 fraude,
490 1135 550 1182 Veri
559 1134 703 1190 dulcissime,
713 1134 791 1182 ddcam
801 1156 806 1181 ε

189 1203 331 1258 dispeream,
342 1202 388 1248 nisi
398 1217 436 1248 me
446 1201 550 1256 perdidit
560 1201 606 1248 iste
616 1203 698 1256 putus.

162 1270 199 1316 sin
209 1271 292 1316 autem
301 1271 432 1324 praecepta
441 1270 526 1316 vetant
535 1284 574 1316 me
584 1269 669 1326 dicere,
681 1285 738 1318 sans

189 1352 238 1384 non
248 1337 336 1394 dicem,
345 1337 386 1384 sed
397 1352 435 1384 me
445 1336 548 1393 perdidit
558 1337 604 1385 iste
614 1353 682 1394 puer.

434 1447 500 1494 VIII
559 1483 565 1494 .

162 1528 263 1584 villula,
274 1542 335 1583 quse
345 1527 436 1575 Sironis
446 1543 507 1585 eras,
515 1448 646 1585 (ἕρπων
655 1529 739 1586 agello,

190 1612 275 1644 verum
285 1596 320 1643 illi
330 1596 427 1644 domiuo
435 1598 465 1644 tu
474 1612 565 1653 quoque
575 1598 681 1655 divitias,

162 1681 201 1713 me
210 1666 255 1712 tibi
264 1667 290 1712 et
299 1665 342 1712 hoe
352 1680 402 1712 una
411 1681 513 1723 mecum,
524 1681 582 1722 quos
592 1682 686 1723 semper
694 1666 782 1723 emavi,

190 1734 268 1790 siquid
277 1734 307 1781 de
317 1734 398 1789 petris
407 1734 502 1782 tristius
512 1735 619 1793 audiero,

163 1803 310 1859 commendo,
320 1801 346 1850 iu
356 1803 486 1860 primisqne
496 1806 599 1860 patrem.
624 1807 654 1852 tu
661 1821 726 1853 nnuc
735 1805 783 1852 eris
792 1804 836 1861 illi,

190 1874 295 1921 Mantua
304 1874 367 1929 quod
376 1873 458 1921 fuerat
468 1875 576 1930 quodque
586 1875 705 1922 Cremona
715 1874 791 1929 prius.

163 2060 246 2106 Pauca
255 2060 323 2116 mihi,
333 2060 404 2106 niveo
413 2058 455 2104 sed
463 2073 513 2104 nou
521 2057 646 2112 incognita
654 2055 760 2110 Phoebo,

192 2142 270 2181 pauca
278 2126 338 2172 mihi
348 2126 433 2171 doctae
442 2123 514 2170 dicite
523 2123 661 2178 Pegasides.

163 2194 242 2240 victor
252 2193 329 2249 adest,
340 2190 423 2247 magni
432 2205 547 2248 magnum
557 2190 630 2237 decus
639 2204 693 2236 ecce
702 2188 829 2245 triumphi,

192 2261 278 2318 victor,
289 2276 337 2317 qua
346 2263 427 2306 terrae
437 2274 529 2314 quaque
539 2259 625 2314 patent
635 2257 719 2314 meria,

164 2331 263 2378 horrida
272 2329 412 2377 barbaricae
422 2329 521 2383 portans
534 2327 639 2383 insignia
652 2342 755 2383 pugnae,

193 2416 296 2457 maguus
305 2401 334 2447 ut
344 2397 447 2446 Oenides
457 2399 531 2452 utque
540 2396 657 2453 superbus
667 2396 735 2451 Eryx
743 2415 749 2452 ;

213 2470 222 2516 (
231 2483 267 2520 439
277 2469 284 2518 l
