1972 3164
312 172 479 213 sumn

59 269 174 326 occurrit,
184 269 308 326 portisque
318 269 349 316 ab
360 283 420 324 equo
428 267 515 326 regina
524 266 569 315 sub
578 266 637 323 ipsis

10 359 49 399 500
60 336 165 394 desiluit,
176 352 247 394 quam
257 337 312 384 tota
321 336 405 384 cohors
414 336 512 383 imitata
520 335 613 382 relictis

59 405 92 452 ad
101 406 193 451 terram
203 403 304 452 defluxit
313 403 394 460 equis;
408 403 461 449 tum
471 402 533 450 talia
541 403 611 449 fatur
622 421 629 448 ε

61 473 167 529 ‘Turne
178 472 215 519 sui
224 472 312 519 merito
321 471 341 519 si
350 487 399 529 qna
408 473 445 518 est
455 470 544 518 fidncia
552 470 621 528 forti,

60 541 138 589 audeo
148 543 173 588 et
184 540 325 588 Aeneadum
335 541 451 597 promitto
460 555 586 587 occanere
596 539 693 586 turmae

59 609 158 664 solaque
168 609 305 666 Tyrrhenos
315 609 407 664 equites
416 608 451 654 ire
460 607 531 655 obvia
540 609 634 654 contra.

60 679 103 726 Me
112 678 163 725 sine
173 678 252 734 prima
261 693 336 725 manu
344 679 466 733 temptare
475 677 583 734 pericula
591 677 664 724 belli:

59 748 90 794 tu
99 747 170 802 pedes
179 747 211 794 ad
221 761 303 794 muros
314 745 416 793 subsiste
426 747 451 792 et
460 745 556 793 moenia
565 745 651 793 serva!

60 814 160 861 Turnus
170 815 201 862 ad
211 815 279 871 haee,
290 814 371 862 oculos
379 814 500 862 horrenda
509 814 535 860 in
544 813 639 871 virgine
649 813 711 860 fixus
721 832 728 860 s

61 882 98 929 ‘0
108 882 180 930 decus
190 882 278 930 Italiae
287 882 364 939 virgo,
375 897 434 939 quas
444 881 524 930 dicere
533 883 615 939 matos

60 966 150 1006 quasve
159 951 250 998 referre
259 953 360 1007 parem?
374 951 417 999 sed
427 966 500 1007 nune,
509 953 546 997 est
554 950 738 1006 omniaquaudo

12 1041 51 1078 510
60 1019 107 1067 iste
116 1020 210 1067 animus
220 1034 303 1076 supra,
313 1034 408 1066 mecum
417 1018 510 1074 partire
520 1019 635 1065 laborem.

60 1087 164 1144 Aeneas,
174 1089 204 1134 ut
213 1088 280 1135 fama
289 1087 361 1134 fidem
371 1086 485 1142 missique
493 1086 622 1141 reportant

60 1155 232 1213 exploratores,
243 1156 352 1212 equitum
361 1155 424 1202 levia
431 1154 555 1210 improbus
565 1169 635 1200 arma

60 1223 194 1280 praemisit,
205 1225 334 1279 quaterent
344 1237 442 1278 campos
451 1241 458 1279 ;
471 1223 524 1277 ipse
534 1222 612 1269 ardua
620 1221 710 1268 montis

61 1307 107 1348 per
116 1292 213 1338 deserta
221 1291 278 1347 iugo
287 1305 405 1347 superans
415 1290 532 1336 adventat
542 1289 574 1336 ad
582 1289 676 1337 urbem.

61 1360 143 1406 Furta
151 1373 210 1415 paro
219 1358 277 1406 belli
285 1373 391 1405 convexo
403 1358 430 1404 in
438 1357 538 1404 tramite
547 1357 630 1415 silvae,

61 1430 91 1475 ut
100 1427 177 1474 bivias
190 1428 286 1473 annaio
295 1425 402 1473 obsidam
412 1424 488 1473 milite
497 1425 589 1474 fauces.

62 1496 103 1543 Tu
112 1496 264 1552 Tyrrhenum
274 1494 379 1551 equitem
389 1493 482 1541 collatis
492 1493 574 1549 excipe
583 1494 659 1551 signis
668 1512 675 1551 3

61 1566 144 1612 tecum
154 1579 210 1612 acer
219 1564 346 1620 Messapus
355 1563 403 1610 erit
411 1563 554 1619 turmaeque
563 1562 667 1609 Latinae

62 1633 206 1688 Tiburtique
219 1646 320 1689 manus3
335 1631 402 1678 ducis
412 1631 437 1677 et
446 1632 475 1677 tu
485 1630 582 1686 concipe
595 1628 697 1678 euram!

15 1724 54 1762 520
64 1702 104 1749 Sic
113 1701 157 1758 ait,
168 1703 193 1748 et
203 1700 300 1756 paribus
310 1700 450 1756 Messapum
460 1699 486 1746 in
495 1700 587 1755 proelia
596 1700 668 1747 dietis

63 1770 179 1818 hortatur
189 1769 309 1824 sociosque
319 1769 400 1824 duces,
411 1769 437 1816 et
446 1768 527 1826 pergit
536 1768 562 1814 in
572 1768 675 1816 hostem.

64 1839 111 1886 Est
121 1852 195 1886 curvo
204 1837 319 1885 anfractu
328 1837 411 1893 valles,
423 1837 576 1884 accommoda
585 1835 667 1883 iraudi

63 1921 233 1961 armorumque
243 1905 311 1962 dolis,
322 1921 395 1961 quam
405 1904 485 1952 densis
494 1904 620 1951 frondibus
629 1906 713 1952 atrum

63 1977 136 2031 urget
145 1974 268 2029 utrimque
278 1973 353 2030 latus,
363 1973 445 2019 tenuis
454 1986 502 2028 quo
511 1972 597 2020 semita
607 1972 674 2019 ducit

64 2045 228 2098 angustaeque
238 2042 321 2088 ferunt
330 2041 412 2087 fauces
422 2041 549 2096 aditusque
559 2039 668 2096 maligni.

63 2110 137 2158 Hanc
146 2125 221 2165 super
228 2110 254 2155 iu
264 2108 366 2164 speculis
372 2121 511 2162 summoque
517 2107 639 2153 invertice
648 2106 738 2153 montis

64 2178 176 2235 planities
185 2178 270 2235 ignota
278 2177 341 2223 iacet
351 2176 447 2230 tutique
456 2176 576 2229 receptus,

64 2262 108 2294 seu
117 2246 204 2293 dextra
213 2245 328 2298 laevaque
337 2242 397 2290 velis
407 2256 531 2290 occurrere
541 2257 645 2298 pugnae,

64 2316 115 2363 sive
124 2314 217 2361 instare
226 2312 289 2368 iugis
299 2313 324 2358 et
333 2310 436 2366 grandia
444 2309 540 2356 volvere
550 2324 616 2355 saxa.

18 2403 55 2440 ⁵3⁰
66 2384 123 2431 Huc
132 2381 225 2429 iuvenis
235 2382 295 2426 nota
303 2379 385 2425 fertur
394 2377 492 2434 regione
501 2378 605 2433 viarum,

66 2451 216 2507 arripuitque
226 2449 306 2496 locum
316 2448 341 2494 et
350 2446 417 2494 silvis
426 2445 514 2493 insedit
523 2444 618 2500 iniquis.

115 2521 122 2567 l
132 2532 166 2568 ³91
177 2518 184 2567 )
