1972 3164
366 338 389 377 P.
402 337 522 378 VERGILI
535 336 664 379 MARONIS

176 435 238 483 Pars
249 433 331 482 aditus
340 434 408 481 urbis
417 434 499 482 firmet
507 435 634 491 turresque
644 436 756 492 capessat
764 455 771 494 ;

176 505 265 560 cetera,
276 517 324 558 qua
332 501 405 559 iusso,
416 517 510 550 meeum
519 519 605 550 manus
615 503 707 551 inferat
717 505 804 552 arma!

176 571 247 620 Ilicet
256 570 283 617 in
291 585 373 618 muros
382 572 436 618 tota
445 571 590 618 discurritur
599 572 667 619 urbe.

177 639 312 687 Concilium
321 639 372 694 ipse
382 641 452 694 pater
461 639 486 686 et
496 654 585 695 magna
594 639 693 696 incepta
703 640 808 688 Latinus

126 724 166 761 47⁰
178 706 269 756 deserit
278 723 307 755 ac
317 706 385 755 tristi
394 707 508 754 turbatus
518 710 626 764 tempore
636 708 729 765 differt,

177 777 301 832 multaqpe
311 790 336 823 se
345 775 449 833 incusat,
460 776 501 832 qui
509 792 559 823 non
569 776 689 832 acceperit
698 777 767 825 ultro

178 843 330 891 Dardanium
340 844 440 891 Aenean
448 859 610 901 generumque
621 843 737 892 asciverit
745 844 811 893 urbi.

177 911 337 959 Praefodiunt
346 911 388 958 alii
397 913 481 967 portas
491 914 534 959 aut
545 927 604 959 saxa
613 913 734 968 sudesque

176 981 329 1028 subvectant.
359 980 429 1027 Bello
438 981 481 1027 dat
492 981 588 1038 signum
597 997 672 1028 rauca
682 984 813 1029 cruentum

175 1048 285 1096 buccina.
316 1048 379 1095 Tum
389 1063 471 1095 muros
480 1049 550 1096 varia
559 1049 655 1097 cinxere
665 1065 756 1097 corona

176 1118 302 1164 matronae
311 1116 425 1172 puerique
435 1137 441 1163 ι
457 1119 529 1165 vocat
539 1116 607 1164 labor
616 1118 719 1164 ultimus
729 1133 821 1166 omnes.

176 1184 287 1232 Necnon
298 1184 330 1231 ad
339 1184 459 1240 templum
469 1200 621 1241 summasque
628 1185 660 1232 ad
670 1185 779 1233 Palladis
790 1200 855 1234 arces

176 1252 320 1300 subvehitur
329 1268 419 1310 magna
429 1254 537 1300 matrum
546 1254 631 1311 regine
639 1255 738 1301 caterva

177 1321 240 1368 dona
249 1321 339 1378 ferens,
349 1321 465 1378 iuxtaque
475 1337 553 1370 comes
564 1322 666 1370 Lavinia
674 1323 754 1380 virgo,

126 1393 166 1441 480
177 1403 252 1437 causa
261 1389 320 1437 mali
329 1389 402 1447 tanti,
413 1390 494 1437 oculos
504 1390 597 1438 deiecta
606 1390 714 1437 decoros.

177 1457 316 1506 Succedunt
325 1460 416 1505 matres
426 1460 452 1506 et
460 1459 580 1515 templum
588 1460 644 1505 ture
654 1460 785 1516 vaporant,

176 1528 202 1573 et
212 1528 317 1573 maestas
327 1526 378 1574 alto
386 1526 496 1574 fundunt
506 1528 536 1574 de
545 1526 627 1574 limine
637 1542 707 1574 voces
716 1547 722 1574 ε

178 1594 184 1616 ‘
192 1595 357 1653 Armipotens,
368 1611 464 1651 praeses
473 1595 538 1653 belli,
550 1596 660 1642 liitonia
668 1595 748 1653 virgo,

176 1663 263 1720 frange
273 1679 347 1711 manu
357 1664 435 1711 telum
446 1664 547 1721 Phrygii
556 1664 692 1720 praedonis,
703 1666 729 1711 et
738 1663 820 1719 ipsum

176 1747 279 1787 pronum
290 1734 370 1779 sterne
381 1731 441 1789 solo,
452 1732 575 1788 portisque
585 1732 682 1779 effunde
693 1732 738 1779 snb
748 1732 823 1778 altis?

176 1800 289 1857 Cingitur
299 1800 350 1855 ipse
359 1801 444 1847 furens
454 1801 566 1848 certatim
576 1800 602 1846 in
611 1799 703 1856 proelia
713 1800 820 1846 Turnus.

175 1869 275 1923 Iamque
285 1868 345 1916 adeo
354 1869 457 1916 rutilum
467 1870 569 1916 thoraca
577 1869 677 1915 indutus
687 1868 754 1914 aenis

175 1934 291 1982 horrebat
302 1937 417 1993 squamis,
428 1952 544 1993 surasque
553 1937 685 1984 incluserat
695 1952 765 1993 auro,

173 2006 285 2059 tempora
293 2003 373 2050 nudus
383 2003 470 2060 adhuc,
481 2004 599 2060 laterique
609 2005 747 2052 accinxerat
757 2019 848 2062 ensem,

125 2090 164 2128 490
173 2071 332 2129 fulgebatque
342 2072 394 2119 alta
403 2072 534 2120 decurrens
544 2089 632 2120 aureus
642 2088 706 2130 arce,

173 2141 328 2196 exsultatque
338 2140 425 2187 animis
435 2143 461 2188 et
470 2157 513 2197 spe
522 2142 571 2188 iam
581 2141 698 2197 praecipit
708 2141 818 2187 hostem:

173 2210 252 2266 qualis
264 2209 304 2256 ubi
313 2209 424 2265 abruptis
434 2209 499 2266 fugit
509 2210 634 2266 praesepia
643 2209 729 2256 vinclis

173 2279 274 2326 tandem
284 2278 345 2325 liber
354 2294 437 2335 equus,
448 2294 580 2334 campoque
591 2277 683 2333 potitus
693 2278 788 2333 aperto,

173 2349 217 2393 aut
226 2347 268 2394 ille
278 2347 304 2393 in
313 2349 398 2402 pastus
408 2349 567 2402 armentaque
577 2347 657 2394 tendit
667 2361 795 2402 equarum,

173 2416 218 2460 ant
228 2418 340 2462 assuetus
350 2431 425 2470 aquae
435 2415 549 2470 perfundi
558 2414 657 2461 flumine
667 2416 725 2460 noto

173 2483 271 2539 emicat,
282 2484 429 2538 arrectisque
439 2483 522 2530 fremit
531 2483 665 2530 cervicibus
675 2481 726 2529 alte

172 2550 307 2607 luxurians,
318 2551 453 2606 luduntque
462 2551 534 2598 iubae
544 2566 587 2606 per
597 2550 667 2607 colla,
678 2565 722 2605 per
732 2565 822 2598 armos.

175 2618 253 2665 Obvia
263 2619 303 2665 cui
313 2619 455 2666 Volscorum
465 2618 516 2667 acie
526 2619 658 2666 comitante
669 2617 772 2666 Camilla

223 2686 232 2734 (
241 2686 293 2735 390)
