1972 3164
414 179 436 218 P.
450 178 568 218 VERGILI
581 179 709 218 MARONIS

224 275 298 322 Hune
308 290 353 332 ego
363 275 473 324 Gaetulis
483 291 581 336 agerem
592 277 612 324 si
622 276 733 334 Syrtibus
743 275 812 324 exsul

223 343 366 401 Argolicove
376 345 438 392 mari
447 346 578 401 deprensus
587 348 613 392 et
622 345 680 393 urbe
690 346 816 402 Mycenae,

224 429 307 460 annua
315 416 374 460 vota
382 416 464 461 tamen
474 414 645 469 sollemnesque
656 414 739 460 ordine
749 429 849 471 pompas

224 496 366 537 exsequerer
375 483 540 537 strueremque
549 482 598 528 suis
608 482 696 529 altaria
705 482 782 529 donis.

225 549 298 597 Nunc
308 548 373 596 ultro
382 550 414 596 ad
423 549 515 597 cineres
525 550 600 605 ipsius
610 551 635 597 et
643 565 699 598 ossa
709 551 817 606 parentis

225 617 300 674 (haud
309 617 417 672 equidem
427 618 478 665 sine
484 620 564 665 mente
574 633 637 675 reor,
644 618 695 666 sine
702 619 801 667 numine
809 619 901 676 divum)

225 686 347 741 udsumus,
358 686 384 732 et
393 687 478 741 portus
488 685 562 733 delati
571 685 692 733 intramus
702 686 799 735 amicos.

225 755 291 810 Ergo
301 753 366 809 agite
375 754 400 800 et
410 754 502 801 laetum
513 756 595 802 cuncti
607 755 754 803 celebremus
765 756 895 804 honoreme

225 837 351 879 poscamus
360 824 454 879 ventos,
464 824 536 878 atque
546 822 605 870 haee
615 838 653 871 me
663 839 733 871 sacra
741 824 871 879 quotannis

190 900 215 938 60
226 891 286 938 urbe
295 892 353 938 velit
364 891 442 945 posita
451 890 548 946 templis
559 891 604 938 sibi
611 891 675 938 ferre
685 891 780 938 dicatis.

226 960 290 1007 Bina
298 960 372 1006 boum
381 959 447 1005 vobis
459 959 532 1006 Troia
540 961 671 1016 generatus
680 960 781 1007 Acestes

226 1028 269 1075 dat
278 1043 379 1075 numero
388 1027 470 1083 capita
478 1027 504 1073 in
513 1042 586 1074 naves
594 1047 601 1084 ;
617 1027 728 1074 adhibete
738 1027 844 1076 Penates

227 1098 252 1144 et
262 1096 354 1153 patrios
363 1096 440 1152 epulis
450 1098 475 1143 et
485 1111 543 1151 quos
554 1096 611 1144 colit
621 1095 707 1152 hospes
716 1095 826 1144 Acestes.

227 1165 367 1222 Praeterea,
378 1165 398 1211 si
407 1179 472 1211 nona
481 1164 544 1211 diem
554 1163 696 1211 mortalibus
705 1163 799 1211 almum

227 1236 325 1282 Aurora
334 1232 449 1281 extulerit
457 1232 578 1288 radiisque
587 1231 703 1279 retexerit
712 1232 803 1289 orbem,

229 1303 307 1359 prima
317 1302 379 1350 citae
389 1301 488 1349 Teucris
498 1315 585 1356 ponam
595 1300 730 1347 certamina
738 1299 821 1347 elassis
831 1319 837 1356 ;

228 1372 315 1427 quique
324 1370 413 1426 pedum
423 1384 496 1417 cursu
504 1368 578 1425 valet,
589 1368 614 1414 et
624 1367 665 1424 qui
674 1367 766 1414 viribus
775 1367 857 1414 audax

229 1441 273 1486 aut
282 1439 362 1486 iaculo
371 1437 461 1485 incedit
471 1437 556 1484 melior
565 1436 705 1492 levibusque
715 1436 821 1494 sagittis,

230 1523 273 1555 seu
281 1507 355 1554 crudo
365 1506 419 1553 fidit
428 1520 535 1562 pugnam
545 1504 695 1552 committere
706 1505 797 1561 caestu,

193 1589 218 1627 70
230 1575 312 1622 cuncti
343 1573 425 1621 adsint
456 1572 602 1628 meritaeque
630 1573 771 1628 exspectent
798 1571 908 1628 praemia

286 1641 388 1698 palmae.

230 1711 278 1758 Ore
288 1711 368 1757 favete
378 1725 460 1756 omnes
470 1710 496 1756 et
506 1709 595 1766 cingite
605 1711 715 1764 tempora
724 1708 816 1754 ramis!

259 1779 298 1827 Sic
307 1778 374 1824 fatus
384 1778 450 1823 velat
460 1779 573 1823 materna
582 1778 692 1832 tempora
701 1778 789 1831 myrto.

231 1848 285 1895 Hoc
295 1845 413 1900 Helymus
423 1845 492 1900 iacit,
503 1845 548 1892 hoc
558 1845 610 1892 aevi
620 1844 731 1890 maturus
741 1843 850 1900 Acestes,

230 1916 275 1963 hoc
285 1930 345 1971 puer
354 1914 482 1970 Ascanius,
493 1912 601 1968 sequitur
611 1926 669 1967 quos
679 1913 760 1958 cetera
769 1910 853 1966 pubes.

231 1985 275 2032 Ille
285 1999 298 2032 e
309 1982 408 2032 concilio
418 1981 501 2027 multis
511 1996 566 2028 oum
576 1979 681 2026 millibus
691 1979 743 2026 ibat

231 2054 263 2102 ad
272 2051 403 2109 tumulum,
414 2065 503 2109 magna
512 2049 605 2095 medius
616 2048 748 2095 eomitante
758 2048 866 2095 caterva.

231 2123 279 2170 Hie
290 2123 337 2170 duo
346 2121 393 2167 rite
402 2134 469 2166 mero
478 2117 556 2164 libans
566 2115 689 2163 carehesia
697 2116 796 2162 Baccho

231 2192 313 2238 fundit
323 2188 399 2245 humi,
410 2188 458 2235 duo
467 2186 531 2233 lacte
541 2200 610 2241 novo,
619 2185 667 2231 duo
675 2183 793 2240 sanguine
803 2197 881 2238 samo,

232 2272 411 2315 purpureosque
420 2254 478 2302 iacit
487 2254 557 2301 flores
567 2269 596 2300 ac
605 2252 666 2299 talia
675 2251 743 2298 fatur
752 2272 758 2298 :

195 2329 221 2367 80
233 2327 328 2384 ‘Salve
339 2327 421 2372 sancte
431 2337 527 2379 parens,
538 2321 627 2368 iterum
638 2341 643 2367 ι
658 2320 758 2376 salvete,
769 2318 862 2374 recepti

232 2396 376 2450 nequiquam
383 2388 778 2448 eineres‚animaequeumbraeque
784 2389 909 2444 paternae.

232 2463 289 2510 Non
298 2462 367 2508 licuit
376 2461 436 2508 fines
446 2459 521 2506 Italos
531 2458 664 2513 fataliaque
674 2472 734 2504 arva

280 2529 289 2578 (
298 2542 332 2567 212
342 2528 350 2577 )
