1972 3164
374 325 397 364 P.
410 322 530 367 VERGILI
543 323 671 366 MARONIS

181 424 255 480 etque
262 422 341 470 levem
354 423 471 479 stipulam
477 424 653 480 crepitantibus
659 437 730 471 urere
738 422 860 472 flammisz

182 492 232 540 sive
241 491 297 538 inde
307 491 416 539 occultas
425 490 489 538 vires
499 492 525 538 ct
535 490 625 547 pabula
634 492 716 539 terrae

182 561 283 618 pinguia
290 560 439 617 concipiunt,
449 558 500 607 sive
509 558 557 606 illis
567 575 637 607 omne
647 575 691 615 per
701 559 783 618 ignem

183 631 324 686 excoquitur
333 629 420 676 vitium
431 629 503 684 atque
512 628 614 675 exsudat
623 628 717 674 inutilis
726 643 807 686 umor,

184 713 227 746 seu
237 698 319 755 plures
329 698 395 745 calor
405 697 446 744 ille
455 696 507 744 vias
517 698 543 744 et
553 712 624 744 caeca
633 696 727 744 relaxat

147 791 173 830 90
185 767 341 823 spiramenta,
352 781 427 813 novas
436 765 519 812 veniat
529 781 577 821 qua
586 781 657 813 sucus
664 766 689 812 in
699 766 788 813 herbas
796 785 803 824 ;

185 851 228 883 seu
237 836 311 882 durat
320 834 406 891 magis,
418 835 443 882 et
452 849 526 881 venas
537 833 669 890 adstringit
678 834 784 892 hiantes,

184 918 215 950 ne
224 905 309 950 tenues
320 902 416 958 pluviae
424 901 533 958 rapidive
543 902 655 957 potentia
664 902 721 949 solis

185 971 264 1019 acrior
273 973 317 1018 aut
326 972 419 1018 Boreae
428 970 577 1026 penetrabile
586 970 664 1027 frigus
674 971 771 1018 adurat.

186 1040 295 1086 Multum
305 1039 371 1095 adeo,
382 1038 468 1085 rastris
477 1038 575 1095 glaebas
585 1038 626 1094 qui
635 1038 728 1095 frangit
737 1039 829 1088 inertes

186 1107 348 1164 vimineasque
357 1107 435 1154 trahit
445 1109 532 1164 crates,
543 1107 612 1153 iuvat
621 1122 689 1164 arva,
700 1123 776 1163 neque
782 1108 856 1156 illum

186 1175 250 1222 flava
260 1176 331 1223 Ocres
343 1175 394 1222 alto
403 1175 548 1231 nequiquam
558 1176 653 1230 spectat
664 1175 782 1232 Olymp03

185 1243 269 1299 etqui,
280 1243 398 1299 proscisso
409 1258 469 1298 quae
480 1243 582 1290 suscitat
592 1258 694 1299 aequore
703 1246 784 1302 terga,

186 1327 270 1358 rursus
280 1310 306 1357 in
315 1311 438 1366 obliquum
448 1326 518 1358 verso
530 1312 666 1367 perrumpit
676 1314 758 1359 aratro

187 1380 328 1435 exercetque
338 1379 450 1435 frequens
460 1379 573 1426 tellurem
583 1381 655 1436 amne
665 1380 770 1436 imperat
780 1383 856 1432 arvis.

139 1466 175 1494 roo
215 1448 305 1496 Umida
315 1448 420 1496 solstitia
429 1449 501 1504 almae
510 1448 600 1496 hiemes
610 1450 678 1495 orate
688 1463 794 1508 serenas,

188 1518 321 1576 agricolae:
336 1518 437 1565 hiberno
445 1517 578 1564 laetissima
588 1518 686 1573 pulvere
696 1518 771 1577 fama,

187 1587 266 1634 laetus
276 1603 348 1643 agen
363 1586 431 1633 nullo
441 1588 539 1632 tantum
549 1600 575 1632 se
584 1586 665 1642 Mysis
674 1587 743 1633 cultu

187 1659 264 1705 iactat
273 1659 298 1704 et
307 1657 361 1712 ipsa
370 1654 426 1703 suas
436 1656 558 1703 mirantur
568 1656 679 1714 Gargara
688 1672 784 1705 messes.

189 1725 252 1782 Quid
262 1725 349 1781 dicam,
359 1724 423 1772 iacto
433 1724 473 1780 qui
483 1725 572 1772 semine
581 1724 713 1772 comminus
723 1741 783 1771 srva

188 1793 331 1850 insequitur,
343 1793 497 1848 cumulosque
507 1792 557 1839 ruit
567 1792 630 1838 male
640 1791 736 1851 pinguis
745 1793 862 1854 harenae,

189 1860 274 1908 deinde
284 1860 343 1908 satis
353 1861 454 1908 fluvium
463 1861 557 1908 inducit
566 1860 675 1915 rivosque
683 1863 818 1920 sequentes,

189 1930 223 1986 et,
234 1944 289 1977 cum
299 1931 398 1976 exustus
408 1944 467 1985 ager
476 1928 633 1976 morientibus
644 1929 741 1975 aestuat
749 1929 839 1988 herbis,

189 2013 244 2045 ecce
254 1997 380 2052 supercilio
389 1996 472 2044 clivosi
480 1996 587 2043 tramitis
597 1996 687 2043 undam

189 2065 272 2113 eliciti
300 2065 348 2112 Illa
356 2065 444 2112 cadens
453 2080 553 2111 raucum
562 2079 607 2120 per
615 2062 678 2110 levia
687 2079 799 2111 murmur

142 2153 178 2179 110
190 2149 250 2181 saxa
259 2133 313 2190 ciet,
324 2132 486 2187 scatebrisque
495 2132 589 2178 arentia
598 2133 717 2187 temperat
726 2147 794 2179 arva.

191 2201 255 2258 Quid
264 2201 312 2258 qui,
323 2217 353 2248 ne
362 2200 468 2257 gravidis
478 2200 622 2256 procumbat
632 2200 725 2247 culmus
735 2200 825 2258 aristis,

190 2269 310 2318 luxuriem
318 2270 427 2325 segetum
436 2271 521 2315 tenera
530 2269 638 2324 depascit
647 2268 673 2315 in
682 2268 766 2325 herba,

191 2337 361 2394 cumprimum
371 2336 448 2384 sulcos
455 2337 560 2392 aequant
569 2338 631 2392 sata,
642 2337 729 2392 quique
739 2336 835 2392 paludis

190 2407 318 2454 collectum
327 2422 434 2454 umorem
444 2405 527 2452 bibula
533 2405 630 2452 deducit
639 2405 746 2452 harena?

191 2475 338 2522 Praesertim
347 2474 445 2522 incertis
455 2473 476 2520 si
482 2474 602 2521 mensibus
613 2473 690 2519 amnis
700 2473 826 2520 abundans

191 2542 241 2589 exit
251 2545 276 2590 et
285 2543 389 2591 obducto
397 2542 447 2589 late
457 2543 524 2589 tenet
534 2542 615 2589 omnia
623 2540 689 2598 limo,

191 2611 255 2727 und?
265 2627 337 2728 cavae
347 2612 428 2666 tepido
436 2611 525 2658 sudant
535 2626 618 2658 umore
631 2609 740 2658 lacman.

256 2693 279 2727 42
