<?xml version="1.0" encoding="UTF-8"?>
<!DOCTYPE html PUBLIC "-//W3C//DTD XHTML 1.0 Transitional//EN"
    "http://www.w3.org/TR/xhtml1/DTD/xhtml1-transitional.dtd">
<html xmlns="http://www.w3.org/1999/xhtml" xml:lang="en" lang="en">
 <head>
  <title>
</title>
<meta http-equiv="Content-Type" content="text/html;charset=utf-8" />
  <meta name='ocr-system' content='tesseract 3.04.00' />
  <meta name='ocr-capabilities' content='ocr_page ocr_carea ocr_par ocr_line ocrx_word'/>
</head>
<body>
  <div class='ocr_page' id='page_1' title='image "./pvergilimaronis07virggoog/pvergilimaronis07virggoog_0372.png"; bbox 0 0 1972 3164; ppageno 0'>
   <div class='ocr_carea' id='block_1_1' title="bbox 325 158 480 201">
    <p class='ocr_par' dir='ltr' id='par_1_1' title="bbox 325 158 480 201">
     <span class='ocr_line' id='line_1_1' title="bbox 325 158 480 201; baseline 0 -1"><span class='ocrx_word' id='word_1_1' title='bbox 325 158 436 201; x_wconf 69' lang='lat' dir='ltr'><strong>mals.</strong></span> <span class='ocrx_word' id='word_1_2' title='bbox 460 160 480 200; x_wconf 85' lang='lat' dir='ltr'>X</span> 
     </span>
    </p>
   </div>
   <div class='ocr_carea' id='block_1_2' title="bbox 9 251 740 2566">
    <p class='ocr_par' dir='ltr' id='par_1_2' title="bbox 15 251 740 451">
     <span class='ocr_line' id='line_1_2' title="bbox 15 251 696 312; baseline 0.012 -13"><span class='ocrx_word' id='word_1_3' title='bbox 15 251 53 300; x_wconf 83' lang='lat'><strong>⁵⁶0</strong></span> <span class='ocrx_word' id='word_1_4' title='bbox 63 252 129 300; x_wconf 87' lang='lat' dir='ltr'><strong>unda</strong></span> <span class='ocrx_word' id='word_1_5' title='bbox 137 253 209 311; x_wconf 85' lang='lat' dir='ltr'><strong>feret,</strong></span> <span class='ocrx_word' id='word_1_6' title='bbox 219 255 342 311; x_wconf 74' lang='lat' dir='ltr'><strong>piscesque</strong></span> <span class='ocrx_word' id='word_1_7' title='bbox 352 255 452 312; x_wconf 87' lang='lat' dir='ltr'><strong>impasti</strong></span> <span class='ocrx_word' id='word_1_8' title='bbox 460 257 563 305; x_wconf 85' lang='lat' dir='ltr'><strong>vulnera</strong></span> <span class='ocrx_word' id='word_1_9' title='bbox 571 258 696 307; x_wconf 89' lang='lat' dir='ltr'><strong>lambent.’</strong></span> 
     </span>
     <span class='ocr_line' id='line_1_3' title="bbox 63 320 740 386; baseline 0.013 -19"><span class='ocrx_word' id='word_1_10' title='bbox 63 320 178 368; x_wconf 79' lang='lat' dir='ltr'><strong>Protinus</strong></span> <span class='ocrx_word' id='word_1_11' title='bbox 185 322 309 370; x_wconf 75' lang='lat' dir='ltr'><strong>Antaeum</strong></span> <span class='ocrx_word' id='word_1_12' title='bbox 316 325 342 370; x_wconf 90' lang='lat' dir='ltr'><strong>et</strong></span> <span class='ocrx_word' id='word_1_13' title='bbox 350 325 450 380; x_wconf 86' lang='lat' dir='ltr'><strong>Lucam,</strong></span> <span class='ocrx_word' id='word_1_14' title='bbox 458 325 538 381; x_wconf 87' lang='lat' dir='ltr'><strong>prima</strong></span> <span class='ocrx_word' id='word_1_15' title='bbox 545 326 644 382; x_wconf 88' lang='lat' dir='ltr'><strong>agmina</strong></span> <span class='ocrx_word' id='word_1_16' title='bbox 654 328 740 386; x_wconf 80' lang='lat' dir='ltr'><strong>Turni,</strong></span> 
     </span>
     <span class='ocr_line' id='line_1_4' title="bbox 62 391 740 451; baseline 0.01 -15"><span class='ocrx_word' id='word_1_17' title='bbox 62 391 215 447; x_wconf 78' lang='lat' dir='ltr'>persequitur</span> <span class='ocrx_word' id='word_1_18' title='bbox 224 391 361 447; x_wconf 83' lang='lat' dir='ltr'><strong>fortemque</strong></span> <span class='ocrx_word' id='word_1_19' title='bbox 370 394 479 441; x_wconf 85' lang='lat' dir='ltr'><strong>Numam</strong></span> <span class='ocrx_word' id='word_1_20' title='bbox 489 393 633 451; x_wconf 74' lang='lat' dir='ltr'><strong>fulvumque</strong></span> <span class='ocrx_word' id='word_1_21' title='bbox 643 395 740 444; x_wconf 80' lang='lat' dir='ltr'><strong>Camer-</strong></span> 
     </span>
    </p>

    <p class='ocr_par' dir='ltr' id='par_1_3' title="bbox 59 460 721 1001">
     <span class='ocr_line' id='line_1_5' title="bbox 116 460 176 516; baseline -0.017 -10"><span class='ocrx_word' id='word_1_22' title='bbox 116 460 176 516; x_wconf 86' lang='lat' dir='ltr'><strong>tem,</strong></span> 
     </span>
     <span class='ocr_line' id='line_1_6' title="bbox 60 528 649 590; baseline 0.01 -16"><span class='ocrx_word' id='word_1_23' title='bbox 60 528 216 584; x_wconf 86' lang='lat' dir='ltr'><strong>magnanimo</strong></span> <span class='ocrx_word' id='word_1_24' title='bbox 224 529 342 577; x_wconf 74' lang='lat' dir='ltr'>Volcente</span> <span class='ocrx_word' id='word_1_25' title='bbox 351 532 441 589; x_wconf 84' lang='lat' dir='ltr'><strong>satum,</strong></span> <span class='ocrx_word' id='word_1_26' title='bbox 452 530 585 580; x_wconf 87' lang='lat' dir='ltr'><strong>ditissimus</strong></span> <span class='ocrx_word' id='word_1_27' title='bbox 595 533 649 590; x_wconf 88' lang='lat' dir='ltr'><strong>agri</strong></span> 
     </span>
     <span class='ocr_line' id='line_1_7' title="bbox 61 596 700 660; baseline 0.014 -19"><span class='ocrx_word' id='word_1_28' title='bbox 61 596 102 652; x_wconf 93' lang='lat' dir='ltr'><strong>qui</strong></span> <span class='ocrx_word' id='word_1_29' title='bbox 112 596 161 643; x_wconf 84' lang='lat' dir='ltr'><strong>fuit</strong></span> <span class='ocrx_word' id='word_1_30' title='bbox 170 598 322 646; x_wconf 80' lang='lat' dir='ltr'><strong>Ausonidum</strong></span> <span class='ocrx_word' id='word_1_31' title='bbox 332 602 357 648; x_wconf 90' lang='lat' dir='ltr'><strong>et</strong></span> <span class='ocrx_word' id='word_1_32' title='bbox 366 601 448 648; x_wconf 87' lang='lat' dir='ltr'><strong>tacitis</strong></span> <span class='ocrx_word' id='word_1_33' title='bbox 459 602 572 660; x_wconf 79' lang='lat' dir='ltr'><strong>regnavit</strong></span> <span class='ocrx_word' id='word_1_34' title='bbox 582 601 700 659; x_wconf 78' lang='lat' dir='ltr'><strong>Amyclis.</strong></span> 
     </span>
     <span class='ocr_line' id='line_1_8' title="bbox 60 664 645 723; baseline 0.01 -13"><span class='ocrx_word' id='word_1_35' title='bbox 60 664 174 722; x_wconf 87' lang='lat' dir='ltr'><strong>Aegaeon</strong></span> <span class='ocrx_word' id='word_1_36' title='bbox 184 666 270 723; x_wconf 84' lang='lat' dir='ltr'><strong>qualis,</strong></span> <span class='ocrx_word' id='word_1_37' title='bbox 281 670 379 715; x_wconf 88' lang='lat' dir='ltr'><strong>centum</strong></span> <span class='ocrx_word' id='word_1_38' title='bbox 389 669 428 717; x_wconf 93' lang='lat' dir='ltr'><strong>oui</strong></span> <span class='ocrx_word' id='word_1_39' title='bbox 437 670 551 718; x_wconf 85' lang='lat' dir='ltr'><strong>bracchia</strong></span> <span class='ocrx_word' id='word_1_40' title='bbox 560 670 645 718; x_wconf 90' lang='lat' dir='ltr'><strong>dicunt</strong></span> 
     </span>
     <span class='ocr_line' id='line_1_9' title="bbox 59 735 692 795; baseline 0.011 -16"><span class='ocrx_word' id='word_1_41' title='bbox 59 735 219 790; x_wconf 85' lang='lat' dir='ltr'><strong>centenasque</strong></span> <span class='ocrx_word' id='word_1_42' title='bbox 229 751 324 794; x_wconf 86' lang='lat' dir='ltr'><strong>manus,</strong></span> <span class='ocrx_word' id='word_1_43' title='bbox 334 737 509 795; x_wconf 86' lang='lat' dir='ltr'><strong>quinquaginta</strong></span> <span class='ocrx_word' id='word_1_44' title='bbox 519 738 600 785; x_wconf 87' lang='lat' dir='ltr'><strong>on&#39;bus</strong></span> <span class='ocrx_word' id='word_1_45' title='bbox 609 738 692 795; x_wconf 90' lang='lat' dir='ltr'><strong>ignem</strong></span> 
     </span>
     <span class='ocr_line' id='line_1_10' title="bbox 60 802 701 863; baseline 0.012 -16"><span class='ocrx_word' id='word_1_46' title='bbox 60 802 243 859; x_wconf 80' lang='lat' dir='ltr'><strong>pectoribusque</strong></span> <span class='ocrx_word' id='word_1_47' title='bbox 253 805 349 863; x_wconf 78' lang='lat' dir='ltr'><strong>arsisse,</strong></span> <span class='ocrx_word' id='word_1_48' title='bbox 360 805 425 854; x_wconf 82' lang='lat' dir='ltr'><strong>Iovis</strong></span> <span class='ocrx_word' id='word_1_49' title='bbox 435 822 490 854; x_wconf 94' lang='lat' dir='ltr'><strong>cum</strong></span> <span class='ocrx_word' id='word_1_50' title='bbox 501 806 605 854; x_wconf 82' lang='lat' dir='ltr'><strong>fulmina</strong></span> <span class='ocrx_word' id='word_1_51' title='bbox 614 809 701 855; x_wconf 85' lang='lat' dir='ltr'><strong>contra</strong></span> 
     </span>
     <span class='ocr_line' id='line_1_11' title="bbox 59 870 721 934; baseline 0.012 -18"><span class='ocrx_word' id='word_1_52' title='bbox 59 870 98 917; x_wconf 90' lang='lat' dir='ltr'><strong>tot</strong></span> <span class='ocrx_word' id='word_1_53' title='bbox 108 870 207 926; x_wconf 88' lang='lat' dir='ltr'><strong>paribus</strong></span> <span class='ocrx_word' id='word_1_54' title='bbox 217 874 337 929; x_wconf 70' lang='lat' dir='ltr'><strong>streperet</strong></span> <span class='ocrx_word' id='word_1_55' title='bbox 346 873 437 931; x_wconf 87' lang='lat' dir='ltr'><strong>clipeis,</strong></span> <span class='ocrx_word' id='word_1_56' title='bbox 447 876 485 922; x_wconf 90' lang='lat' dir='ltr'><strong>tot</strong></span> <span class='ocrx_word' id='word_1_57' title='bbox 495 875 628 934; x_wconf 81' lang='lat' dir='ltr'><strong>stringeret</strong></span> <span class='ocrx_word' id='word_1_58' title='bbox 637 890 721 924; x_wconf 73' lang='lat' dir='ltr'><strong>ensesz</strong></span> 
     </span>
     <span class='ocr_line' id='line_1_12' title="bbox 59 938 621 1001; baseline 0.011 -15"><span class='ocrx_word' id='word_1_59' title='bbox 59 938 94 986; x_wconf 90' lang='lat' dir='ltr'><strong>sic</strong></span> <span class='ocrx_word' id='word_1_60' title='bbox 103 940 156 988; x_wconf 89' lang='lat' dir='ltr'><strong>toto</strong></span> <span class='ocrx_word' id='word_1_61' title='bbox 165 940 260 989; x_wconf 79' lang='lat' dir='ltr'><strong>Aeneas</strong></span> <span class='ocrx_word' id='word_1_62' title='bbox 269 942 376 990; x_wconf 81' lang='lat' dir='ltr'><strong>desaevit</strong></span> <span class='ocrx_word' id='word_1_63' title='bbox 385 943 412 990; x_wconf 88' lang='lat' dir='ltr'><strong>iu</strong></span> <span class='ocrx_word' id='word_1_64' title='bbox 421 958 525 999; x_wconf 78' lang='lat' dir='ltr'><strong>aequore</strong></span> <span class='ocrx_word' id='word_1_65' title='bbox 534 945 621 1001; x_wconf 85' lang='lat' dir='ltr'><strong>victor,</strong></span> 
     </span>
    </p>

    <p class='ocr_par' dir='ltr' id='par_1_4' title="bbox 11 1009 714 1683">
     <span class='ocr_line' id='line_1_13' title="bbox 11 1009 661 1069; baseline 0.005 -14"><span class='ocrx_word' id='word_1_66' title='bbox 11 1023 50 1061; x_wconf 77' lang='lat'><strong>570</strong></span> <span class='ocrx_word' id='word_1_67' title='bbox 59 1010 88 1056; x_wconf 89' lang='lat' dir='ltr'><strong>ut</strong></span> <span class='ocrx_word' id='word_1_68' title='bbox 98 1009 171 1056; x_wconf 90' lang='lat' dir='ltr'><strong>semel</strong></span> <span class='ocrx_word' id='word_1_69' title='bbox 179 1009 284 1066; x_wconf 77' lang='lat' dir='ltr'><strong>intepuit</strong></span> <span class='ocrx_word' id='word_1_70' title='bbox 293 1026 386 1060; x_wconf 87' lang='lat' dir='ltr'><strong>mucro.</strong></span> <span class='ocrx_word' id='word_1_71' title='bbox 416 1013 480 1069; x_wconf 81' lang='lat' dir='ltr'><strong>Quin</strong></span> <span class='ocrx_word' id='word_1_72' title='bbox 490 1028 545 1060; x_wconf 89' lang='lat' dir='ltr'><strong>ecoe</strong></span> <span class='ocrx_word' id='word_1_73' title='bbox 554 1012 661 1068; x_wconf 78' lang='lat' dir='ltr'><strong>Niphaei</strong></span> 
     </span>
     <span class='ocr_line' id='line_1_14' title="bbox 59 1077 693 1137; baseline 0.003 -14"><span class='ocrx_word' id='word_1_74' title='bbox 59 1077 212 1136; x_wconf 80' lang='lat' dir='ltr'><strong>quadriiuges</strong></span> <span class='ocrx_word' id='word_1_75' title='bbox 221 1080 247 1126; x_wconf 94' lang='lat' dir='ltr'><strong>in</strong></span> <span class='ocrx_word' id='word_1_76' title='bbox 257 1095 329 1136; x_wconf 85' lang='lat' dir='ltr'><strong>equos</strong></span> <span class='ocrx_word' id='word_1_77' title='bbox 339 1081 486 1136; x_wconf 84' lang='lat' dir='ltr'><strong>adversaque</strong></span> <span class='ocrx_word' id='word_1_78' title='bbox 496 1082 595 1137; x_wconf 84' lang='lat' dir='ltr'><strong>pectora</strong></span> <span class='ocrx_word' id='word_1_79' title='bbox 605 1079 693 1127; x_wconf 88' lang='lat' dir='ltr'><strong>tendit.</strong></span> 
     </span>
     <span class='ocr_line' id='line_1_15' title="bbox 58 1146 680 1206; baseline 0.002 -14"><span class='ocrx_word' id='word_1_80' title='bbox 58 1147 139 1203; x_wconf 82' lang='lat' dir='ltr'><strong>Atque</strong></span> <span class='ocrx_word' id='word_1_81' title='bbox 148 1146 184 1193; x_wconf 88' lang='lat' dir='ltr'><strong>illi</strong></span> <span class='ocrx_word' id='word_1_82' title='bbox 193 1147 265 1206; x_wconf 88' lang='lat' dir='ltr'><strong>longa</strong></span> <span class='ocrx_word' id='word_1_83' title='bbox 274 1149 426 1205; x_wconf 75' lang='lat' dir='ltr'><strong>gradientem</strong></span> <span class='ocrx_word' id='word_1_84' title='bbox 436 1150 461 1196; x_wconf 91' lang='lat' dir='ltr'><strong>et</strong></span> <span class='ocrx_word' id='word_1_85' title='bbox 471 1149 525 1196; x_wconf 84' lang='lat' dir='ltr'><strong>dira</strong></span> <span class='ocrx_word' id='word_1_86' title='bbox 534 1149 680 1196; x_wconf 83' lang='lat' dir='ltr'><strong>trementem</strong></span> 
     </span>
     <span class='ocr_line' id='line_1_16' title="bbox 59 1215 571 1272; baseline 0.006 -11"><span class='ocrx_word' id='word_1_87' title='bbox 59 1216 89 1261; x_wconf 90' lang='lat' dir='ltr'><strong>ut</strong></span> <span class='ocrx_word' id='word_1_88' title='bbox 98 1215 188 1271; x_wconf 85' lang='lat' dir='ltr'><strong>videre,</strong></span> <span class='ocrx_word' id='word_1_89' title='bbox 198 1218 267 1263; x_wconf 90' lang='lat' dir='ltr'><strong>metu</strong></span> <span class='ocrx_word' id='word_1_90' title='bbox 276 1217 339 1263; x_wconf 85' lang='lat' dir='ltr'><strong>versi</strong></span> <span class='ocrx_word' id='word_1_91' title='bbox 349 1218 462 1272; x_wconf 88' lang='lat' dir='ltr'><strong>retroque</strong></span> <span class='ocrx_word' id='word_1_92' title='bbox 472 1218 571 1264; x_wconf 87' lang='lat' dir='ltr'><strong>ruentes</strong></span> 
     </span>
     <span class='ocr_line' id='line_1_17' title="bbox 57 1283 712 1341; baseline 0.008 -10"><span class='ocrx_word' id='word_1_93' title='bbox 57 1283 234 1339; x_wconf 62' lang='lat' dir='ltr'><strong>effundunme</strong></span> <span class='ocrx_word' id='word_1_94' title='bbox 244 1284 329 1332; x_wconf 89' lang='lat' dir='ltr'><strong>ducem</strong></span> <span class='ocrx_word' id='word_1_95' title='bbox 338 1285 484 1341; x_wconf 84' lang='lat' dir='ltr'><strong>rapiuntque</strong></span> <span class='ocrx_word' id='word_1_96' title='bbox 494 1285 526 1332; x_wconf 89' lang='lat' dir='ltr'><strong>ad</strong></span> <span class='ocrx_word' id='word_1_97' title='bbox 535 1284 609 1333; x_wconf 91' lang='lat' dir='ltr'><strong>litora</strong></span> <span class='ocrx_word' id='word_1_98' title='bbox 618 1301 712 1336; x_wconf 80' lang='lat' dir='ltr'><strong>currus.</strong></span> 
     </span>
     <span class='ocr_line' id='line_1_18' title="bbox 57 1351 569 1409; baseline 0.002 -11"><span class='ocrx_word' id='word_1_99' title='bbox 57 1351 157 1399; x_wconf 90' lang='lat' dir='ltr'><strong>Interea</strong></span> <span class='ocrx_word' id='word_1_100' title='bbox 165 1351 253 1408; x_wconf 88' lang='lat' dir='ltr'><strong>biiugis</strong></span> <span class='ocrx_word' id='word_1_101' title='bbox 262 1352 339 1399; x_wconf 81' lang='lat' dir='ltr'><strong>infert</strong></span> <span class='ocrx_word' id='word_1_102' title='bbox 349 1368 374 1400; x_wconf 89' lang='lat' dir='ltr'><strong>se</strong></span> <span class='ocrx_word' id='word_1_103' title='bbox 383 1353 496 1409; x_wconf 83' lang='lat' dir='ltr'><strong>Lucagus</strong></span> <span class='ocrx_word' id='word_1_104' title='bbox 506 1352 569 1400; x_wconf 84' lang='lat' dir='ltr'><strong>albis</strong></span> 
     </span>
     <span class='ocr_line' id='line_1_19' title="bbox 56 1420 670 1478; baseline 0.007 -11"><span class='ocrx_word' id='word_1_105' title='bbox 56 1420 83 1467; x_wconf 94' lang='lat' dir='ltr'><strong>in</strong></span> <span class='ocrx_word' id='word_1_106' title='bbox 93 1420 183 1468; x_wconf 85' lang='lat' dir='ltr'><strong>medios</strong></span> <span class='ocrx_word' id='word_1_107' title='bbox 192 1420 315 1476; x_wconf 75' lang='lat' dir='ltr'><strong>fraterque</strong></span> <span class='ocrx_word' id='word_1_108' title='bbox 324 1420 399 1478; x_wconf 87' lang='lat' dir='ltr'><strong>Liger</strong></span> <span class='ocrx_word' id='word_1_109' title='bbox 408 1440 415 1478; x_wconf 90' lang='lat'>;</span> <span class='ocrx_word' id='word_1_110' title='bbox 430 1420 473 1468; x_wconf 83' lang='lat' dir='ltr'><strong>sed</strong></span> <span class='ocrx_word' id='word_1_111' title='bbox 482 1421 561 1468; x_wconf 84' lang='lat' dir='ltr'><strong>irater</strong></span> <span class='ocrx_word' id='word_1_112' title='bbox 569 1421 670 1471; x_wconf 87' lang='lat' dir='ltr'><strong>habenis</strong></span> 
     </span>
     <span class='ocr_line' id='line_1_20' title="bbox 56 1488 714 1547; baseline 0.005 -10"><span class='ocrx_word' id='word_1_113' title='bbox 56 1488 134 1537; x_wconf 89' lang='lat' dir='ltr'><strong>flectit</strong></span> <span class='ocrx_word' id='word_1_114' title='bbox 144 1502 225 1545; x_wconf 87' lang='lat' dir='ltr'><strong>equos,</strong></span> <span class='ocrx_word' id='word_1_115' title='bbox 236 1489 350 1537; x_wconf 88' lang='lat' dir='ltr'><strong>strictum</strong></span> <span class='ocrx_word' id='word_1_116' title='bbox 359 1490 426 1536; x_wconf 88' lang='lat' dir='ltr'><strong>rotat</strong></span> <span class='ocrx_word' id='word_1_117' title='bbox 436 1504 492 1536; x_wconf 86' lang='lat' dir='ltr'><strong>acer</strong></span> <span class='ocrx_word' id='word_1_118' title='bbox 501 1490 614 1547; x_wconf 89' lang='lat' dir='ltr'><strong>Lucagus</strong></span> <span class='ocrx_word' id='word_1_119' title='bbox 624 1506 714 1540; x_wconf 87' lang='lat' dir='ltr'><strong>ensem.</strong></span> 
     </span>
     <span class='ocr_line' id='line_1_21' title="bbox 56 1557 626 1606; baseline 0.002 -1"><span class='ocrx_word' id='word_1_120' title='bbox 56 1557 133 1605; x_wconf 88' lang='lat' dir='ltr'><strong>Haud</strong></span> <span class='ocrx_word' id='word_1_121' title='bbox 142 1557 202 1605; x_wconf 88' lang='lat' dir='ltr'><strong>tulit</strong></span> <span class='ocrx_word' id='word_1_122' title='bbox 210 1558 306 1605; x_wconf 86' lang='lat' dir='ltr'><strong>Aeneae</strong></span> <span class='ocrx_word' id='word_1_123' title='bbox 316 1558 387 1606; x_wconf 90' lang='lat' dir='ltr'><strong>tanto</strong></span> <span class='ocrx_word' id='word_1_124' title='bbox 396 1557 492 1605; x_wconf 76' lang='lat' dir='ltr'><strong>fervore</strong></span> <span class='ocrx_word' id='word_1_125' title='bbox 502 1558 611 1606; x_wconf 88' lang='lat' dir='ltr'><strong>furentes</strong></span> <span class='ocrx_word' id='word_1_126' title='bbox 620 1579 626 1606; x_wconf 75' lang='grc' dir='ltr'><strong><em>ι</em></strong></span> 
     </span>
     <span class='ocr_line' id='line_1_22' title="bbox 56 1625 593 1683; baseline 0 -10"><span class='ocrx_word' id='word_1_127' title='bbox 56 1626 130 1673; x_wconf 88' lang='lat' dir='ltr'><strong>irruit</strong></span> <span class='ocrx_word' id='word_1_128' title='bbox 140 1627 287 1681; x_wconf 83' lang='lat' dir='ltr'><strong>adversaque</strong></span> <span class='ocrx_word' id='word_1_129' title='bbox 296 1626 381 1683; x_wconf 87' lang='lat' dir='ltr'><strong>ingens</strong></span> <span class='ocrx_word' id='word_1_130' title='bbox 391 1625 505 1683; x_wconf 88' lang='lat' dir='ltr'><strong>apparuit</strong></span> <span class='ocrx_word' id='word_1_131' title='bbox 514 1626 593 1674; x_wconf 86' lang='lat' dir='ltr'><strong>hasta.</strong></span> 
     </span>
    </p>

    <p class='ocr_par' dir='ltr' id='par_1_5' title="bbox 10 1695 733 2367">
     <span class='ocr_line' id='line_1_23' title="bbox 10 1695 202 1752; baseline 0.016 -13"><span class='ocrx_word' id='word_1_132' title='bbox 10 1700 47 1748; x_wconf 73' lang='lat'><strong>580</strong></span> <span class='ocrx_word' id='word_1_133' title='bbox 57 1695 104 1743; x_wconf 81' lang='lat' dir='ltr'><strong>Cui</strong></span> <span class='ocrx_word' id='word_1_134' title='bbox 114 1696 186 1752; x_wconf 90' lang='lat' dir='ltr'><strong>Liger</strong></span> <span class='ocrx_word' id='word_1_135' title='bbox 196 1715 202 1742; x_wconf 75' lang='grc' dir='ltr'><strong>ε</strong></span> 
     </span>
     <span class='ocr_line' id='line_1_24' title="bbox 58 1762 710 1818; baseline 0.005 -9"><span class='ocrx_word' id='word_1_136' title='bbox 58 1763 129 1810; x_wconf 87' lang='lat' dir='ltr'><strong>‘Nou</strong></span> <span class='ocrx_word' id='word_1_137' title='bbox 139 1762 263 1810; x_wconf 88' lang='lat' dir='ltr'><strong>Diomedis</strong></span> <span class='ocrx_word' id='word_1_138' title='bbox 273 1777 345 1818; x_wconf 89' lang='lat' dir='ltr'><strong>equos</strong></span> <span class='ocrx_word' id='word_1_139' title='bbox 355 1778 399 1810; x_wconf 87' lang='lat' dir='ltr'><strong>uec</strong></span> <span class='ocrx_word' id='word_1_140' title='bbox 410 1778 509 1810; x_wconf 87' lang='lat' dir='ltr'><strong>currum</strong></span> <span class='ocrx_word' id='word_1_141' title='bbox 520 1762 598 1811; x_wconf 87' lang='lat' dir='ltr'><strong>cernis</strong></span> <span class='ocrx_word' id='word_1_142' title='bbox 608 1765 710 1812; x_wconf 87' lang='lat' dir='ltr'><strong>Achillis</strong></span> 
     </span>
     <span class='ocr_line' id='line_1_25' title="bbox 56 1831 664 1887; baseline 0.003 -8"><span class='ocrx_word' id='word_1_143' title='bbox 56 1833 101 1879; x_wconf 90' lang='lat' dir='ltr'><strong>aut</strong></span> <span class='ocrx_word' id='word_1_144' title='bbox 111 1831 232 1887; x_wconf 72' lang='lat' dir='ltr'><strong>Phrygiae</strong></span> <span class='ocrx_word' id='word_1_145' title='bbox 242 1846 339 1887; x_wconf 90' lang='lat' dir='ltr'><strong>campos</strong></span> <span class='ocrx_word' id='word_1_146' title='bbox 349 1851 355 1878; x_wconf 76' lang='grc' dir='ltr'><strong>ι</strong></span> <span class='ocrx_word' id='word_1_147' title='bbox 370 1847 436 1879; x_wconf 88' lang='lat' dir='ltr'><strong>uuna</strong></span> <span class='ocrx_word' id='word_1_148' title='bbox 444 1831 502 1878; x_wconf 88' lang='lat' dir='ltr'><strong>belli</strong></span> <span class='ocrx_word' id='word_1_149' title='bbox 511 1832 566 1879; x_wconf 90' lang='lat' dir='ltr'><strong>finis</strong></span> <span class='ocrx_word' id='word_1_150' title='bbox 576 1834 601 1880; x_wconf 90' lang='lat' dir='ltr'><strong>et</strong></span> <span class='ocrx_word' id='word_1_151' title='bbox 611 1832 664 1881; x_wconf 86' lang='lat' dir='ltr'><strong>aevi</strong></span> 
     </span>
     <span class='ocr_line' id='line_1_26' title="bbox 56 1899 555 1948; baseline 0.004 -2"><span class='ocrx_word' id='word_1_152' title='bbox 56 1899 94 1946; x_wconf 89' lang='lat' dir='ltr'><strong>his</strong></span> <span class='ocrx_word' id='word_1_153' title='bbox 104 1900 202 1947; x_wconf 88' lang='lat' dir='ltr'><strong>dabitur</strong></span> <span class='ocrx_word' id='word_1_154' title='bbox 212 1899 301 1946; x_wconf 82' lang='lat' dir='ltr'><strong>terris’</strong></span> <span class='ocrx_word' id='word_1_155' title='bbox 331 1899 427 1947; x_wconf 80' lang='lat' dir='ltr'><strong>Vesano</strong></span> <span class='ocrx_word' id='word_1_156' title='bbox 436 1900 497 1947; x_wconf 84' lang='lat' dir='ltr'><strong>talia</strong></span> <span class='ocrx_word' id='word_1_157' title='bbox 505 1900 555 1948; x_wconf 85' lang='lat' dir='ltr'><strong>late</strong></span> 
     </span>
     <span class='ocr_line' id='line_1_27' title="bbox 57 1967 662 2025; baseline 0.002 -10"><span class='ocrx_word' id='word_1_158' title='bbox 57 1968 123 2015; x_wconf 87' lang='lat' dir='ltr'><strong>dicta</strong></span> <span class='ocrx_word' id='word_1_159' title='bbox 131 1968 215 2015; x_wconf 85' lang='lat' dir='ltr'><strong>volant</strong></span> <span class='ocrx_word' id='word_1_160' title='bbox 225 1967 315 2025; x_wconf 78' lang='lat' dir='ltr'><strong>Ligeri.</strong></span> <span class='ocrx_word' id='word_1_161' title='bbox 344 1967 393 2015; x_wconf 82' lang='lat' dir='ltr'><strong>Sed</strong></span> <span class='ocrx_word' id='word_1_162' title='bbox 402 1984 450 2015; x_wconf 92' lang='lat' dir='ltr'><strong>non</strong></span> <span class='ocrx_word' id='word_1_163' title='bbox 459 1971 485 2016; x_wconf 87' lang='lat' dir='ltr'><strong>et</strong></span> <span class='ocrx_word' id='word_1_164' title='bbox 495 1970 581 2016; x_wconf 84' lang='lat' dir='ltr'><strong>Troius</strong></span> <span class='ocrx_word' id='word_1_165' title='bbox 591 1969 662 2016; x_wconf 91' lang='lat' dir='ltr'><strong>heros</strong></span> 
     </span>
     <span class='ocr_line' id='line_1_28' title="bbox 56 2035 733 2092; baseline 0.004 -10"><span class='ocrx_word' id='word_1_166' title='bbox 56 2035 122 2083; x_wconf 89' lang='lat' dir='ltr'><strong>dicta</strong></span> <span class='ocrx_word' id='word_1_167' title='bbox 128 2038 199 2092; x_wconf 91' lang='lat' dir='ltr'><strong>parat</strong></span> <span class='ocrx_word' id='word_1_168' title='bbox 205 2038 303 2085; x_wconf 87' lang='lat' dir='ltr'><strong>contra:</strong></span> <span class='ocrx_word' id='word_1_169' title='bbox 316 2035 422 2083; x_wconf 87' lang='lat' dir='ltr'><strong>iaculum</strong></span> <span class='ocrx_word' id='word_1_170' title='bbox 430 2037 733 2092; x_wconf 87' lang='lat' dir='ltr'><strong>namtorquetinhostam.</strong></span> 
     </span>
     <span class='ocr_line' id='line_1_29' title="bbox 56 2104 627 2162; baseline -0.002 -10"><span class='ocrx_word' id='word_1_171' title='bbox 56 2104 169 2162; x_wconf 89' lang='lat' dir='ltr'><strong>Lucagus</strong></span> <span class='ocrx_word' id='word_1_172' title='bbox 178 2107 207 2152; x_wconf 92' lang='lat' dir='ltr'><strong>ut</strong></span> <span class='ocrx_word' id='word_1_173' title='bbox 216 2119 307 2160; x_wconf 89' lang='lat' dir='ltr'><strong>pronus</strong></span> <span class='ocrx_word' id='word_1_174' title='bbox 316 2105 423 2161; x_wconf 90' lang='lat' dir='ltr'><strong>pendens</strong></span> <span class='ocrx_word' id='word_1_175' title='bbox 432 2105 458 2151; x_wconf 92' lang='lat' dir='ltr'><strong>in</strong></span> <span class='ocrx_word' id='word_1_176' title='bbox 468 2104 569 2150; x_wconf 85' lang='lat' dir='ltr'><strong>verbera</strong></span> <span class='ocrx_word' id='word_1_177' title='bbox 578 2104 627 2151; x_wconf 88' lang='lat' dir='ltr'><strong>telo</strong></span> 
     </span>
     <span class='ocr_line' id='line_1_30' title="bbox 57 2172 628 2231; baseline -0.005 -10"><span class='ocrx_word' id='word_1_178' title='bbox 57 2173 183 2221; x_wconf 88' lang='lat' dir='ltr'><strong>admonuit</strong></span> <span class='ocrx_word' id='word_1_179' title='bbox 193 2173 294 2231; x_wconf 89' lang='lat' dir='ltr'><strong>biiugos,</strong></span> <span class='ocrx_word' id='word_1_180' title='bbox 305 2173 413 2230; x_wconf 88' lang='lat' dir='ltr'><strong>proiecto</strong></span> <span class='ocrx_word' id='word_1_181' title='bbox 423 2172 480 2218; x_wconf 90' lang='lat' dir='ltr'><strong>dum</strong></span> <span class='ocrx_word' id='word_1_182' title='bbox 491 2172 550 2227; x_wconf 89' lang='lat' dir='ltr'><strong>pede</strong></span> <span class='ocrx_word' id='word_1_183' title='bbox 559 2172 628 2219; x_wconf 82' lang='lat' dir='ltr'><strong>laevo</strong></span> 
     </span>
     <span class='ocr_line' id='line_1_31' title="bbox 56 2239 620 2299; baseline -0.005 -11"><span class='ocrx_word' id='word_1_184' title='bbox 56 2243 127 2297; x_wconf 88' lang='lat' dir='ltr'><strong>aptat</strong></span> <span class='ocrx_word' id='word_1_185' title='bbox 137 2258 162 2290; x_wconf 87' lang='lat' dir='ltr'><strong>ea</strong></span> <span class='ocrx_word' id='word_1_186' title='bbox 172 2257 276 2299; x_wconf 82' lang='lat' dir='ltr'><strong>pugnae,</strong></span> <span class='ocrx_word' id='word_1_187' title='bbox 287 2241 352 2289; x_wconf 87' lang='lat' dir='ltr'><strong>subit</strong></span> <span class='ocrx_word' id='word_1_188' title='bbox 362 2256 416 2287; x_wconf 77' lang='lat' dir='ltr'><strong>oras</strong></span> <span class='ocrx_word' id='word_1_189' title='bbox 427 2240 499 2287; x_wconf 84' lang='lat' dir='ltr'><strong>hasta</strong></span> <span class='ocrx_word' id='word_1_190' title='bbox 507 2255 551 2295; x_wconf 89' lang='lat' dir='ltr'><strong>per</strong></span> <span class='ocrx_word' id='word_1_191' title='bbox 559 2239 620 2286; x_wconf 85' lang='lat' dir='ltr'><strong>imas</strong></span> 
     </span>
     <span class='ocr_line' id='line_1_32' title="bbox 57 2307 666 2367; baseline -0.005 -10"><span class='ocrx_word' id='word_1_192' title='bbox 57 2310 174 2367; x_wconf 82' lang='lat' dir='ltr'><strong>fulgentis</strong></span> <span class='ocrx_word' id='word_1_193' title='bbox 184 2310 263 2367; x_wconf 89' lang='lat' dir='ltr'><strong>clipei,</strong></span> <span class='ocrx_word' id='word_1_194' title='bbox 273 2312 327 2356; x_wconf 92' lang='lat' dir='ltr'><strong>tum</strong></span> <span class='ocrx_word' id='word_1_195' title='bbox 337 2309 432 2356; x_wconf 80' lang='lat' dir='ltr'><strong>laevum</strong></span> <span class='ocrx_word' id='word_1_196' title='bbox 442 2308 553 2364; x_wconf 81' lang='lat' dir='ltr'><strong>perforat</strong></span> <span class='ocrx_word' id='word_1_197' title='bbox 562 2307 666 2364; x_wconf 79' lang='lat' dir='ltr'><strong>inguen:</strong></span> 
     </span>
    </p>

    <p class='ocr_par' dir='ltr' id='par_1_6' title="bbox 9 2376 623 2433">
     <span class='ocr_line' id='line_1_33' title="bbox 9 2376 623 2433; baseline -0.002 -7"><span class='ocrx_word' id='word_1_198' title='bbox 9 2396 46 2433; x_wconf 84' lang='lat'><strong>590</strong></span> <span class='ocrx_word' id='word_1_199' title='bbox 57 2393 173 2426; x_wconf 84' lang='lat' dir='ltr'><strong>excussus</strong></span> <span class='ocrx_word' id='word_1_200' title='bbox 183 2394 257 2426; x_wconf 86' lang='lat' dir='ltr'><strong>curru</strong></span> <span class='ocrx_word' id='word_1_201' title='bbox 268 2377 425 2425; x_wconf 89' lang='lat' dir='ltr'><strong>moribundus</strong></span> <span class='ocrx_word' id='word_1_202' title='bbox 434 2376 541 2424; x_wconf 82' lang='lat' dir='ltr'><strong>volvitur</strong></span> <span class='ocrx_word' id='word_1_203' title='bbox 550 2377 623 2425; x_wconf 83' lang='lat' dir='ltr'><strong>arvis.</strong></span> 
     </span>
    </p>

    <p class='ocr_par' dir='ltr' id='par_1_7' title="bbox 58 2445 600 2566">
     <span class='ocr_line' id='line_1_34' title="bbox 58 2445 600 2505; baseline 0.002 -11"><span class='ocrx_word' id='word_1_204' title='bbox 58 2448 135 2505; x_wconf 82' lang='lat' dir='ltr'><strong>Quem</strong></span> <span class='ocrx_word' id='word_1_205' title='bbox 145 2447 199 2503; x_wconf 86' lang='lat' dir='ltr'><strong>pius</strong></span> <span class='ocrx_word' id='word_1_206' title='bbox 209 2448 304 2494; x_wconf 82' lang='lat' dir='ltr'><strong>Aeneas</strong></span> <span class='ocrx_word' id='word_1_207' title='bbox 314 2445 384 2493; x_wconf 88' lang='lat' dir='ltr'><strong>dictis</strong></span> <span class='ocrx_word' id='word_1_208' title='bbox 393 2446 486 2493; x_wconf 81' lang='lat' dir='ltr'><strong>affatur</strong></span> <span class='ocrx_word' id='word_1_209' title='bbox 496 2445 584 2492; x_wconf 84' lang='lat' dir='ltr'><strong>amaris</strong></span> <span class='ocrx_word' id='word_1_210' title='bbox 594 2465 600 2495; x_wconf 76' lang='grc' dir='ltr'><strong>ε</strong></span> 
     </span>
     <span class='ocr_line' id='line_1_35' title="bbox 104 2515 173 2566; baseline -0.014 -2"><span class='ocrx_word' id='word_1_211' title='bbox 104 2515 173 2566; x_wconf 75' lang='grc'>(363)</span> 
     </span>
    </p>
   </div>
   <div class='ocr_carea' id='block_1_3' title="bbox 0 0 990 3164">
    <p class='ocr_par' dir='ltr' id='par_1_8' title="bbox 0 0 990 3164">
     <span class='ocr_line' id='line_1_36' title="bbox 0 0 990 3164; baseline 0 1"><span class='ocrx_word' id='word_1_212' title='bbox 0 0 990 3164; x_wconf 95' lang='lat' dir='ltr'><strong> </strong></span> 
     </span>
    </p>
   </div>
  </div>
 </body>
</html>
