1972 3164
315 171 425 213 AENEIS.
451 173 474 211 II

54 281 101 314 nec
111 281 181 323 posse
190 267 308 325 Argolicis
318 269 425 317 exscindi
434 270 554 327 Pergama
562 271 625 329 telis,

55 336 138 383 omnia
147 336 173 382 ui
182 339 295 392 repetant
304 338 379 396 Argis
389 354 525 394 numenque
534 339 660 397 reducant,

55 403 120 459 qnod
130 404 216 463 pelago
224 408 250 452 et
260 407 339 453 curvis
349 422 430 454 secum
440 423 541 455 avexere
551 408 646 455 carinis.

9 475 43 513 180
55 471 91 518 Et
100 487 164 520 nuno
174 474 236 528 quod
245 475 338 530 patrias
347 477 420 523 vento
430 476 520 531 petiere
527 477 650 534 Mycenas,

56 555 126 586 arma
135 541 237 596 deosque
247 544 452 600 parantcomites,
464 544 594 600 pelagoque
604 561 713 593 remenso

55 608 180 664 improvisi
189 610 292 657 aderunt
302 631 307 658 :
321 611 358 657 ita
368 612 455 667 digerit
464 612 545 659 omina
555 612 664 661 Calchas,
741 649 742 652 ,

56 677 129 723 Hanc
139 692 183 732 pro
193 677 303 725 Palladio
312 679 406 736 moniti,
418 696 462 735 pro
471 681 570 728 numine
580 680 645 728 laeso

55 745 158 802 effigiem
168 747 286 803 statuere,
296 747 365 794 nefas
374 763 435 803 quae
444 749 515 796 triste
525 750 612 804 piaret.

56 814 130 861 Hanc
139 815 223 861 tamen
232 815 374 862 immensam
384 815 485 863 Calchas
495 817 606 865 attollere
617 817 702 864 molem

56 881 183 929 roboribus
192 883 267 930 textis
278 883 389 938 caeloque
398 884 499 932 educere
512 885 591 942 iussit,

56 965 88 996 ne
96 950 171 1006 recipi
181 951 258 1006 portis
268 951 312 998 aut
322 951 378 998 duci
386 951 412 998 in
421 952 515 999 moenia
524 955 613 1010 posset,

56 1033 105 1064 neu
115 1018 231 1074 populum
242 1019 343 1075 antiqua
353 1019 397 1065 sub
407 1019 521 1078 religione
530 1020 604 1067 tueri.

56 1087 122 1133 Nam
132 1086 153 1132 si
166 1090 248 1134 vestra
258 1102 345 1134 manus
355 1087 469 1134 violasset
478 1088 541 1135 dona
550 1089 686 1145 Minervae,

10 1171 44 1207 190
55 1157 108 1201 tum
124 1170 240 1211 magnum
254 1155 355 1202 exitium
370 1154 442 1212 (quod
456 1155 481 1201 di
493 1156 560 1211 prius
574 1171 646 1203 omen
660 1156 686 1202 in
699 1156 733 1211 ip-

111 1238 165 1270 sum

54 1293 200 1340 convertant
210 1291 232 1348 l)
261 1290 353 1338 Priami
365 1291 466 1346 imperio
475 1290 658 1349 Phrygibusque
669 1292 735 1338 iutu-

112 1375 168 1407 rum
177 1379 184 1416 ;

55 1435 93 1481 sin
103 1432 215 1479 manibus
226 1432 313 1480 vestris
322 1434 429 1479 vestram
440 1432 587 1479 ascendisset
597 1433 622 1478 in
632 1433 725 1490 urbem,

55 1503 121 1549 ultro
130 1501 215 1548 Asiam
225 1515 313 1556 magno
323 1500 427 1556 Pelopea
437 1500 468 1546 ad
478 1499 573 1547 moenia
581 1500 644 1547 bello

55 1571 194 1625 venturam,
200 1569 226 1616 et
235 1570 332 1615 nostros
342 1583 371 1615 ea
379 1569 433 1615 iata
443 1583 541 1615 manere
550 1569 677 1623 nepotes.”

84 1637 90 1658 ‘
99 1637 200 1684 Talibus
209 1635 301 1683 insidiis
311 1636 448 1691 periurique
458 1638 511 1683 arte
521 1636 616 1683 Sinonis

54 1707 148 1754 credita
156 1720 204 1760 res,
214 1704 325 1759 captique
335 1704 395 1751 dolis
404 1704 556 1760 lacrimisque
566 1705 663 1761 coactis,

54 1791 113 1832 quos
123 1789 200 1829 neque
210 1773 313 1829 Tydides
323 1788 368 1820 neo
377 1773 517 1820 Larissaeus
526 1774 641 1830 Achilles,

54 1859 103 1890 non
113 1843 171 1890 anni
180 1842 294 1889 domuere
303 1841 393 1898 decem,
404 1857 452 1888 nou
462 1842 527 1889 mille
538 1842 642 1890 carinae.

82 1912 145 1959 ‘Hic
154 1911 221 1958 aliud
230 1910 308 1958 maius
318 1910 411 1957 miseris
420 1911 543 1966 multoque
552 1911 704 1958 tremendum

10 1995 45 2020 ²00
56 1980 168 2028 obiicitur
177 1979 263 2036 magis,
274 1980 346 2034 atque
355 1978 490 2034 improvida
499 1980 597 2034 pectora
605 1978 699 2025 turbat.

56 2049 176 2105 Laocoon,
187 2047 275 2095 ductus
284 2048 401 2102 Neptuno
413 2049 478 2093 sorte
488 2047 607 2103 sacerdos,
744 2084 746 2088 Α

56 2117 183 2164 sollemnes
192 2117 292 2162 taurum
301 2116 425 2172 ingentem
436 2115 559 2162 mactabat
570 2115 602 2161 ad
611 2129 675 2160 aras.
746 2152 749 2157 .

56 2187 120 2232 Ecce
130 2187 213 2232 autem
223 2185 314 2240 gemini
324 2200 339 2230 a
349 2184 446 2231 Tenedo
455 2182 587 2238 tranquilla
597 2197 640 2237 per
649 2180 709 2236 alta,

56 2255 177 2312 (horresco
187 2254 303 2308 reterens)
313 2252 435 2299 immensis
445 2251 542 2298 orbibus
552 2263 643 2306 angues

54 2322 198 2370 incumbunt
208 2322 302 2383 pelago,
314 2321 453 2377 pariterque
463 2319 494 2366 ad
506 2319 579 2365 litora
588 2317 707 2372 tendunt;

55 2393 155 2448 pectora
164 2405 265 2446 quorum
274 2390 340 2436 inter
349 2389 437 2436 fluctus
447 2388 544 2434 arrecta
553 2385 669 2440 iubaeque

57 2459 205 2516 sanguineae
215 2460 332 2515 superant
342 2458 428 2513 undas,
439 2471 497 2512 pars
507 2455 589 2502 cetera
598 2454 699 2509 pontum
792 2489 796 2494 ,

107 2528 116 2576 (
127 2527 180 2576 14³)
