1972 3164
441 127 552 168 AENEIS.
576 127 596 168 V

182 237 226 272 nee
236 222 270 269 sie
279 217 391 267 immissis
400 217 498 277 aurigae
507 219 628 268 undantis
635 220 688 269 lore

179 302 322 336 oononssere
334 288 396 346 iugis
405 291 522 346 pronique
532 290 558 337 in
567 291 671 338 verbere
680 291 795 348 pendent.

180 356 246 404 Tum
255 356 343 414 plausu
352 356 497 414 fremituque
504 359 584 407 virum
591 360 723 416 studiisque
729 361 856 409 faventum

179 427 298 476 oonsonst
306 442 376 475 omne
381 442 475 484 nemus,
485 443 614 484 vocemque
623 429 719 477 incluse
730 431 842 478 volutent

136 510 173 549 ¹50
179 492 263 553 litore,
273 494 364 551 pulsati
373 494 444 543 eolles
454 495 558 542 elamore
567 496 697 544 resultent.

180 563 279 620 Effugit
288 564 345 611 ente
355 563 413 610 elios
421 562 550 619 primisque
559 563 664 629 elabitur
673 565 746 612 undis

179 631 280 680 turbem
302 632 367 680 inter
386 631 556 688 fremitumque
576 632 656 690 Gyus3
679 649 750 690 quem
770 634 856 682 deinde

238 700 373 748 Cloanthus

179 768 345 825 consequitur,
352 766 436 817 melior
445 769 527 826 remis,
538 769 580 817 sed
589 770 694 826 pondere
703 770 776 826 pinus

179 836 254 884 turdis
261 837 337 884 tenet.
368 835 428 883 Post
435 835 478 884 hos
488 852 564 892 aequo
573 838 710 885 discrimine
720 839 807 885 Pristis

180 905 367 960 Centaurusque
375 903 456 951 loeum
466 905 572 952 tendunt
582 921 696 961 superare
707 906 826 963 priorem3

179 975 206 1020 et
216 988 282 1021 nuno
291 972 379 1020 Pristis
386 972 468 1030 hebet,
476 988 541 1020 nuno
548 972 638 1020 vietum
647 975 764 1030 praeterit
770 975 856 1031 iugens

180 1042 328 1098 Centaurus,
338 1056 404 1087 nuno
413 1056 463 1087 nna
471 1041 556 1087 ambae
564 1040 699 1097 iunetiswe
709 1042 823 1090 feruntur

179 1108 304 1156 frontibus
313 1110 339 1156 et
347 1108 523 1165 longesulennt
531 1109 596 1156 vedu
605 1109 670 1156 salse
680 1111 770 1157 cerins.

180 1177 282 1234 lamque
302 1176 498 1235 propinquabant
516 1177 615 1234 seopulo
633 1179 771 1234 metumque
790 1179 856 1225 tene-

239 1245 309 1304 bunt,

134 1319 171 1360 160
180 1330 237 1362 eum
248 1315 358 1372 prinoeps
367 1312 492 1368 medioque
502 1312 569 1369 Gyas
578 1311 605 1359 in
614 1313 710 1370 gurgite
720 1312 798 1360 vietor

178 1385 300 1432 rectorem
309 1382 379 1430 neris
388 1381 517 1437 oompellut
527 1396 584 1428 vooe
594 1382 724 1428 Menoeten
735 1402 740 1428 :

180 1451 187 1474 ‘
200 1452 255 1510 Quo
282 1453 382 1500 tentum
405 1449 465 1498 mihi
488 1450 573 1497 dexter
597 1450 665 1497 abis?
699 1451 757 1497 Hne
780 1449 857 1506 dirige

237 1535 363 1579 cressum

178 1589 240 1640 litus
246 1605 302 1638 eme
314 1590 339 1635 et
348 1587 430 1635 laeves
439 1586 546 1644 stringet
556 1586 607 1634 sine
617 1584 828 1643 palmuleoeutes3

178 1658 261 1708 altum
270 1656 311 1705 ulii
321 1654 441 1704 teneant!
470 1655 549 1713 Dixit,
557 1656 599 1703 sed
608 1671 680 1703 ossea
689 1656 813 1703 Menoetes

179 1743 241 1776 saxu
249 1726 337 1774 timens
347 1739 445 1782 prorum
454 1723 534 1780 pelagi
543 1724 668 1780 detorquet
678 1724 710 1772 ed
720 1724 806 1772 undas.

181 1795 188 1817 ‘
198 1795 252 1852 Quo
261 1794 369 1841 diversus
376 1791 459 1841 ebisi’
474 1791 563 1840 iterum
571 1793 577 1814 ‘
584 1795 639 1850 pete
649 1809 716 1852 sexu,
724 1793 855 1849 Menoete,'

179 1879 237 1912 oum
246 1862 350 1911 elamore
360 1861 426 1919 Gyes
434 1861 564 1909 revocabat
574 1883 579 1909 :
594 1864 619 1910 et
629 1877 682 1911 ecoe
693 1861 841 1911 Cloanthum

178 1931 279 1988 respicit
287 1931 421 1978 instantem
430 1931 501 1988 tergo
509 1932 535 1978 et
544 1930 657 1987 propiora
666 1931 798 1978 tenentem.

179 1999 227 2048 Ille
236 1999 301 2046 inter
310 2013 443 2055 navemque
454 1998 520 2056 Gyae
530 1999 685 2054 scopulosque
695 1999 809 2045 senentes

132 2090 171 2130 170
180 2067 248 2116 rudit
257 2067 304 2115 iter
310 2066 407 2116 laevum
415 2067 525 2124 interior,
535 2067 662 2122 subitoqire
672 2066 777 2121 priorem

178 2136 299 2194 praeterit
308 2138 334 2183 et
342 2136 414 2184 metis
423 2137 491 2183 tenet
500 2149 605 2190 aequore
614 2136 671 2181 tnta
679 2132 779 2180 relictis.

179 2205 247 2253 Tum
256 2219 313 2251 vero
322 2204 413 2252 exemit
421 2203 503 2252 iuveni
512 2202 580 2250 dolor
592 2201 685 2249 ossibus
694 2201 780 2257 ingens

178 2289 226 2323 nee
235 2272 342 2320 lacrimis
351 2287 451 2320 eernere
460 2286 545 2329 genoe,
556 2285 701 2327 segnemque
711 2268 841 2315 Menoeten

177 2341 272 2391 oblitus
281 2341 417 2397 deoorisqm
428 2340 466 2388 sui
475 2340 612 2395 sociumque
622 2337 707 2385 selutis

178 2411 206 2460 in
217 2426 285 2459 mere
295 2409 449 2467 praecipitem
460 2407 536 2465 puppi
545 2407 661 2454 deturbet
670 2405 701 2453 eb
711 2403 761 2452 ulte
772 2425 777 2451 ε

229 2479 238 2529 (
247 2479 300 2529 21⁵)
