1972 3164
360 162 383 200 P.
396 161 516 201 VERGILI
528 161 659 203 MARONIS

198 259 232 307 ‘O
241 259 324 316 Pater,
333 274 347 306 o
355 259 481 308 hominum
490 275 619 316 rerumque
629 261 732 308 aeterna
741 265 845 319 potestas

170 329 283 386 (namque
293 328 360 375 aliud
373 329 430 386 quid
444 329 484 386 sit,
496 329 560 384 quod
573 329 624 375 iam
638 328 770 386 implorare
779 346 846 386 quea·

134 487 160 512 πο
171 397 416 515 ceruiilrstlliisultent
426 465 521 523 Rutuli,
533 465 681 523 Turnusque
691 467 789 515 feratur

171 550 215 592 per
224 535 313 582 medios
323 534 424 591 insignis
434 534 501 590 equis
510 534 666 590 tumidusque
678 537 785 584 seeundo

171 604 253 651 Marte
282 604 356 650 ruat?
383 617 433 649 non
458 601 542 650 clausa
567 603 657 659 tegunt
682 604 733 652 iam
756 606 848 653 moenia

228 672 334 719 Teucros
345 691 351 718 z

171 741 230 797 quin
238 740 306 787 intra
315 741 398 795 portas
408 740 480 795 amne
489 738 549 795 ipsis
558 740 651 796 proelia
661 741 766 789 misoent

172 809 301 865 aggeribus
311 822 444 864 murorum,
454 808 481 854 et
489 806 612 854 inundant
621 809 742 866 sanguine
752 810 837 857 fossas.

172 878 267 925 Aeneas
277 877 376 933 ignarus
386 875 463 924 abest.
493 876 664 932 Numquamne
674 876 753 924 levari

172 945 294 993 obsidione
304 945 385 992 sines?
405 944 481 991 muris
490 944 580 993 iterum
588 945 700 992 imminet
709 946 786 993 hostis

172 1012 293 1061 nasoentis
303 1013 398 1069 Troiae,
409 1027 454 1060 neo
462 1028 511 1059 nou
521 1012 641 1060 exereitus
651 1013 724 1070 alter,

173 1083 245 1138 atwe
255 1082 344 1128 iterum
354 1081 379 1128 in
389 1081 496 1129 Teucros
506 1081 599 1129 Aetolis
610 1082 691 1138 surgit
701 1082 733 1129 eb
741 1082 817 1138 Arpis

173 1151 284 1206 Tydides.
315 1149 432 1206 Equidem
442 1149 521 1207 credo,
532 1165 586 1197 mea
595 1150 699 1198 vulnera
708 1153 815 1208 restant,

138 1236 163 1274 30
173 1221 200 1267 et
209 1221 254 1266 tua
262 1219 388 1277 progenies
397 1218 511 1265 mortalia
519 1218 631 1265 demoror
641 1234 719 1266 arma.

175 1288 201 1335 Si
210 1289 262 1336 sine
271 1303 331 1344 paee
339 1289 384 1334 tua
393 1289 466 1342 atque
475 1286 552 1334 invito
561 1287 659 1335 numine
670 1288 746 1336 Troes

174 1357 272 1404 Italiam
283 1356 381 1412 petiere,
391 1355 462 1402 luant
472 1358 572 1412 peccata
581 1371 658 1412 neque
668 1356 723 1404 illos

173 1425 263 1472 iuveris
274 1424 363 1472 anxilio
372 1443 378 1480 ;
392 1423 430 1471 sin
439 1425 478 1471 tot
487 1439 603 1479 responsa
612 1424 698 1482 secuti,

175 1509 235 1551 quae
251 1491 337 1549 Superi
351 1493 483 1548 Manesque
493 1491 593 1549 dabant,
603 1508 647 1540 our
656 1507 723 1540 nuno
732 1495 779 1540 tna
788 1492 848 1549 quis·

230 1577 303 1618 quam

174 1633 269 1678 vertere
279 1631 345 1676 iussa
354 1631 433 1685 potest
443 1631 487 1676 aut
497 1645 541 1677 eur
550 1645 612 1676 nova
622 1629 725 1676 condere
735 1630 808 1676 fata?

175 1700 232 1756 quid
242 1701 350 1754 repetam
360 1699 458 1744 exustas
468 1698 573 1754 Erycino
582 1698 608 1744 in
618 1699 690 1746 litore
701 1698 799 1754 classes,

175 1769 232 1824 quid
241 1768 415 1824 tempestatum
425 1782 515 1825 regem,
524 1769 655 1822 ventosque
664 1766 775 1813 furentes

175 1838 259 1885 Aeolia
268 1836 367 1892 excitos,
378 1837 421 1882 aut
431 1837 512 1882 aetem
522 1835 626 1882 nubibus
636 1835 716 1882 Irim?

174 1922 240 1954 nuno
250 1906 324 1953 etiam
333 1905 419 1951 Manes
430 1904 498 1958 (haee
507 1904 656 1960 intemptata
664 1904 781 1950 manebat

139 1995 165 2031 40
176 1989 228 2021 sors
237 1972 328 2029 rerum)
339 1972 433 2028 movet;
449 1973 475 2019 et
485 1972 579 2028 superis
589 1972 698 2019 immissa
707 1974 807 2027 repente

175 2043 272 2092 Allecto
282 2042 372 2089 medius
382 2039 475 2088 Italum
484 2041 603 2088 bacchata
611 2057 655 2097 per
664 2041 745 2087 urbes.

176 2112 219 2158 Nil
229 2127 301 2167 super
310 2112 412 2167 imperio
422 2125 519 2157 moveor
530 2130 535 2156 :
550 2111 699 2165 speravimus
708 2109 765 2165 ista,

175 2180 234 2228 dum
244 2181 345 2228 fortuna
353 2181 416 2237 fuit,
429 2178 528 2226 vineant
538 2193 596 2234 quos
606 2179 702 2225 vincere
712 2178 797 2224 mavis.

176 2252 202 2299 Si
212 2251 280 2297 nulla
289 2252 327 2298 est
335 2250 409 2306 regio,
420 2247 519 2295 Teucris
529 2263 601 2303 quam
611 2247 653 2294 det
662 2249 707 2293 tua
717 2246 823 2293 coniunx

176 2320 245 2376 dura,
256 2334 300 2375 per
309 2333 414 2373 eversae,
426 2316 535 2373 Genitor,
547 2316 668 2363 fumantia
678 2316 766 2362 Troiae

175 2388 268 2435 excidia
277 2388 392 2442 obtestor,
402 2385 474 2432 liceat
484 2385 606 2432 dimittere
616 2384 647 2431 ab
657 2384 730 2430 armis

175 2456 318 2504 ineolumem
328 2454 470 2511 Ascanium,
481 2453 553 2501 liceat
563 2468 688 2508 superesse
699 2454 819 2508 nepotem.

222 2524 292 2573 (346)
