1972 3164
424 159 534 201 aurinia
560 159 592 200 IV

167 253 239 303 dulce
249 255 331 312 ceput,
341 253 447 313 magicas
456 255 559 304 invitam
570 255 691 315 accingier
700 259 773 306 artes.

168 326 208 373 Tu
218 327 312 373 secreta
321 341 407 382 pyram
417 328 482 374 tecto
491 327 606 374 interiore
617 327 661 374 sub
672 343 745 374 auras

167 393 242 450 erige,
252 394 277 441 et
287 409 357 440 arma
366 394 420 451 viri,
431 395 540 441 thalamo
549 410 610 450 quae
620 394 669 441 fixa
678 395 775 451 reliquit

167 461 266 518 impius,
276 462 420 518 exuviasque
430 478 512 510 omnes
522 463 659 518 lectumque
669 462 784 520 iugalem,

168 545 217 586 quo
226 529 295 587 perii,
306 530 504 586 superimponent
515 552 521 578 z
535 531 630 579 abolere
640 531 741 578 nefandi

168 599 260 647 cuncta
272 598 318 646 riri
330 599 479 647 monimenta
491 600 570 658 iuvat,
585 602 753 657 monstratque
769 616 847 648 sacer-

227 666 287 714 dos?

171 736 241 784 Haeo
250 736 327 783 effata
336 735 391 783 silet
399 755 405 793 ς
419 737 497 792 pallor
506 736 578 784 simul
586 740 688 793 occupat
697 754 748 785 ora.

122 819 161 858 500
171 804 229 852 Non
238 806 322 852 tamen
331 804 405 851 Anna
413 805 482 852 novis
492 807 632 861 praetexere
642 806 729 853 funera
739 806 813 854 saona

170 888 313 930 germanam
322 875 407 929 credit,
417 888 461 920 neo
470 875 553 920 tantos
562 877 643 921 mente
653 874 748 921 furores

171 942 284 999 concipit,
295 945 337 990 ant
348 943 461 1002 graviora
470 942 540 989 timet
550 957 622 998 quam
635 945 714 990 morte
725 942 834 999 Sychaei.

171 1008 241 1067 Ergo
250 1009 316 1057 iussa
324 1012 404 1066 parat.

200 1079 237 1125 At
246 1079 339 1138 regine,
350 1095 412 1136 pyra
421 1078 540 1136 penetrali
549 1078 575 1127 in
585 1081 639 1128 sede
647 1080 692 1128 sub
702 1095 774 1127 aurae

171 1149 254 1194 erecta
262 1147 356 1206 ingenti
365 1148 442 1195 taedia
452 1150 526 1204 atque
535 1149 589 1196 ilice
599 1151 674 1207 secta,

171 1216 325 1273 intenditque
333 1217 412 1264 locum
422 1217 494 1265 sertis
504 1219 529 1265 et
539 1216 624 1265 fronde
635 1220 733 1265 coronat

172 1285 276 1333 funerea
286 1305 292 1342 3
302 1300 374 1341 super
383 1285 482 1332 exuvias
491 1300 618 1341 ensemque
627 1285 739 1333 relictum

173 1353 322 1410 effigiemque
331 1355 386 1400 toro
394 1354 468 1411 locat,
478 1353 545 1401 haud
553 1353 639 1410 ignara
648 1353 733 1400 futuri.

175 1422 250 1470 Stant
259 1437 316 1469 arae
325 1421 425 1478 circum,
436 1424 461 1469 ot
471 1422 549 1469 crines
559 1423 637 1469 effusa
647 1422 757 1469 sacerdos

123 1501 165 1539 ⁵10
174 1493 214 1538 ter
224 1491 322 1538 centum
331 1491 401 1536 tonat
411 1504 452 1537 ore
461 1490 525 1547 deos,
537 1489 689 1545 Erebumque
700 1489 824 1543 Chaosque

174 1559 381 1616 tergeminamque
391 1558 511 1614 Hecaten,
521 1558 571 1605 tria
580 1558 681 1616 virginis
689 1573 733 1606 ora
742 1557 844 1604 Dianae.

176 1627 306 1685 Sparserat
314 1627 340 1672 et
348 1625 433 1672 latices
442 1625 567 1672 simulatos
575 1625 649 1673 fontia
659 1624 758 1682 Averni,

174 1695 280 1744 falcibus
289 1695 315 1741 et
324 1708 416 1740 messae
425 1693 457 1740 ad
465 1693 548 1740 lunam
558 1696 708 1749 quaeruntur
718 1692 784 1740 aenis

176 1764 295 1823 pubentes
304 1762 393 1809 herbae
402 1760 466 1818 nigri
475 1777 529 1809 oum
539 1762 601 1810 lacte
611 1762 696 1809 veneni
704 1781 710 1818 ;

177 1832 338 1890 quaeritaret
348 1829 471 1877 nascentis
481 1830 536 1885 equi
544 1831 574 1878 de
583 1831 664 1878 fronte
673 1830 784 1878 revulsus

176 1905 202 1952 et
212 1900 287 1950 matri
296 1901 439 1957 praereptus
451 1914 527 1946 amor.

177 1972 237 2026 Ipsa
245 1969 310 2016 mola
319 1967 475 2022 manibusque
485 1966 530 2022 piis
540 1967 628 2016 altaria
636 1969 713 2024 iuxta,

178 2053 256 2085 unum
265 2038 339 2085 exuta
348 2035 432 2092 pedem
441 2033 535 2093 vinclis,
545 2035 571 2083 in
581 2038 648 2083 veste
660 2035 775 2091 recincta,

178 2107 288 2154 testatur
296 2103 416 2152 moritura
425 2102 481 2150 deos
491 2105 516 2151 et
526 2105 621 2152 conscia
630 2103 677 2150 fati

131 2193 170 2230 520
180 2177 275 2231 sidera3
288 2175 351 2229 tum,
362 2171 454 2226 siquod
463 2187 511 2219 non
522 2187 597 2228 aequo
606 2172 701 2219 foedere
712 2171 822 2216 amantes

181 2259 254 2293 curae
276 2257 366 2290 numen
388 2238 461 2286 hebet
484 2241 622 2296 iustumque
639 2253 784 2294 memorque,
805 2253 857 2293 pre·

238 2313 316 2359 catur.

210 2380 266 2428 Nox
275 2381 337 2438 erat,
347 2383 373 2427 et
382 2379 504 2436 placidum
514 2377 647 2434 carpebant
657 2375 721 2423 fessa
731 2390 839 2430 soporem

379 2466 415 2500 497.
436 2474 453 2499 a
461 2464 475 2498 l.
483 2461 653 2504 ‘suwnmponas’

230 2517 239 2564 (
249 2516 303 2566 20³)
