1972 3164
366 157 387 194 P.
402 156 520 196 VERGILI
533 157 660 197 MARONIS

204 251 275 299 ‘Heu
284 250 344 299 nihil
354 252 437 301 invitis
447 253 485 301 ias
495 269 638 310 quemquam
648 253 721 302 fidere
731 254 801 302 divis.

176 321 239 368 Ecce
248 321 393 369 trahebatur
401 322 478 378 passis
488 323 608 371 Priameia
616 324 685 380 virgo

177 389 282 437 crinibus
292 405 307 436 a
314 390 406 446 templo
416 391 552 439 Cassandra
561 391 685 448 adytisque
696 391 831 449 Minervae,

177 457 209 504 ad
218 457 310 505 caelum
320 458 421 506 tendens
431 459 542 506 ardentia
550 460 643 507 lumina
652 459 754 518 frustra,

177 526 279 582 lumina,
289 541 346 572 uam
356 527 452 573 teneras
462 527 578 574 arcebant
587 527 684 574 vincula
693 527 795 583 palmas.

176 595 233 641 Non
243 594 301 640 tulit
309 594 373 640 hanc
382 594 485 649 speciem
494 595 588 643 furiata
596 597 677 643 mente
688 596 818 653 Coroebus,

177 664 204 709 et
212 676 263 710 sese
273 662 378 708 medium
387 661 470 710 iniecit
479 663 602 718 periturus
611 663 638 710 in
647 679 742 720 agmen.

178 729 351 786 Consequimur
360 731 441 778 cuncti
450 732 475 778 et
486 731 565 778 densis
574 731 719 779 incurrimus
729 733 811 779 armis.

129 820 167 858 410
179 799 227 846 Hic
236 798 341 854 primum
351 813 380 845 ex
389 799 440 846 alte
448 799 542 846 delubri
551 800 655 848 eulmine
664 800 720 848 telis

178 868 316 914 nostrorum
326 867 459 924 obruimur,
470 867 594 924 oriturque
606 868 742 915 miserrima
751 869 837 916 caedes

178 949 301 982 armorum
310 935 372 983 facie
382 937 407 982 et
417 935 548 982 Graiarum
557 951 640 984 errore
647 936 768 984 iubarum.

178 1004 242 1051 Tum
252 1003 333 1050 Danai
342 1003 434 1060 gemitu
443 1006 515 1060 atque
525 1006 623 1060 ereptae
633 1004 735 1060 virginis
744 1003 784 1053 ira

178 1071 284 1127 undique
293 1071 387 1119 collecti
396 1072 524 1130 invadunt,
535 1072 667 1120 acerrimus
677 1072 742 1120 Aiax

178 1141 204 1187 et
212 1139 302 1196 gemini
310 1139 412 1188 Atridae
422 1140 589 1196 Dolopumque
598 1141 718 1188 exercitus
728 1141 814 1196 omnis,

179 1208 273 1256 adversi
283 1209 356 1264 rupto
365 1224 409 1256 ceu
418 1209 539 1264 quendam
549 1208 647 1255 turbine
656 1208 725 1255 venti

179 1277 320 1334 confligunt,
333 1277 502 1333 Zephyrusque
512 1278 638 1332 Notusque
648 1277 673 1323 et
683 1275 763 1323 laetus
773 1276 831 1323 Eois

180 1345 263 1392 Eurus
273 1344 353 1402 equis,
373 1345 481 1393 stridunt
490 1345 573 1402 silvae,
584 1345 707 1400 saevitque
717 1344 820 1392 tridenti

180 1429 293 1470 spumeus
303 1415 375 1469 atque
382 1413 431 1460 imo
440 1413 534 1460 Nereus
544 1413 591 1461 ciet
600 1427 705 1469 aequora
713 1413 798 1460 fundo.

132 1509 169 1546 420
180 1481 222 1529 Illi
231 1482 313 1539 etiam,
324 1482 345 1528 si
354 1496 412 1538 quos
421 1481 523 1528 obscura
532 1482 602 1528 nocte
612 1495 655 1536 per
664 1480 776 1527 umbram

180 1550 287 1597 fudimus
297 1549 389 1597 insidiis
397 1551 496 1605 totaque
506 1548 651 1605 agitavimus
660 1548 729 1605 urbe,

181 1619 299 1674 apparent
307 1636 313 1675 ;
333 1617 406 1674 primi
415 1617 503 1673 clipeos
512 1616 662 1672 mentitaque
671 1615 722 1663 tela

180 1689 314 1744 agnoscunt
324 1688 396 1742 afflue
406 1701 450 1734 ora
459 1701 517 1733 sono
527 1685 645 1733 discordia
654 1685 760 1742 signant.

181 1756 251 1803 Ilicet
260 1755 384 1802 obruimur
393 1769 508 1811 numer03
528 1754 666 1810 primusque
678 1753 799 1802 Coroebus

181 1824 278 1871 Penelei
287 1825 373 1871 dextra
383 1824 452 1871 divae
462 1821 629 1878 armipotentis
640 1822 671 1869 ad
681 1837 748 1868 aram

180 1893 316 1949 procumbit
324 1911 330 1948 ;
351 1892 416 1939 cadit
426 1893 451 1939 et
460 1891 578 1947 Rhipeus,
588 1889 734 1936 iustissimus
743 1904 807 1935 unus

181 1961 222 2017 qui
231 1961 279 2008 fuit
289 1960 315 2007 in
325 1960 425 2007 Teucris
435 1961 460 2008 et
470 1958 665 2007 servantissimus
674 1956 744 2012 aequi
754 1975 761 2013 ;

182 2029 218 2077 dis
228 2029 300 2076 aliter
309 2029 388 2076 visum
397 2047 404 2085 3
424 2029 527 2084 pereunt
539 2026 696 2083 Hypanisque
706 2025 845 2081 Dymasque

182 2097 270 2146 confixi
279 2113 295 2144 a
304 2097 373 2144 sociis
381 2116 387 2153 ς
405 2098 483 2144 necte
492 2098 537 2143 tua
547 2096 661 2153 plurima,
672 2095 780 2151 Panthu,

133 2190 171 2226 430
181 2165 302 2213 labentem
312 2165 390 2221 pietas
399 2180 443 2212 nec
453 2164 573 2219 Apollinis
584 2163 663 2210 infula
672 2163 742 2210 texit.

182 2235 252 2281 Iliaci
261 2234 352 2281 cineres
361 2234 387 2280 et
396 2232 494 2279 flamma
503 2234 612 2279 extrema
621 2246 737 2287 meorum,

183 2304 267 2360 testor,
278 2302 304 2348 in
314 2316 400 2348 occasu
409 2302 490 2348 vestro
500 2315 545 2348 nec
555 2300 605 2347 tela
614 2315 659 2346 nec
668 2299 731 2346 ullas

182 2371 295 2418 vitavisse
305 2369 368 2417 vices
378 2369 500 2424 Danaum,
511 2370 545 2425 et,
556 2368 577 2415 si
584 2368 638 2415 fata
646 2367 750 2414 fuissent

183 2441 211 2486 ut
221 2439 339 2496 caderem,
350 2437 464 2486 meruisse
473 2452 555 2484 manu.
585 2436 729 2484 Divellimur
738 2435 802 2491 inde,

231 2507 240 2554 (
250 2506 301 2554 1⁵0)
