1972 3164
428 183 539 224 AENEIS.
565 184 585 222 X
640 203 642 206 ·

167 276 272 326 viderit!
302 279 357 326 Hoc
366 279 447 327 dicens
456 282 542 328 eduxit
552 295 651 337 corpore
660 282 736 328 telum
749 305 754 328 ι

169 346 211 393 olli
221 347 283 393 dura
292 347 358 402 quies
368 349 448 396 oculos
458 350 483 396 et
493 349 588 396 terreus
597 351 670 405 urget

170 431 276 471 somnus,
287 416 312 462 in
322 419 445 464 aeternam
455 417 603 464 clauduntur
612 417 706 464 lumina
715 419 818 465 noctem.

199 484 315 532 Caedicus
334 485 480 533 Alcathoum
503 486 641 544 obtruncat,
663 487 783 543 Sacrator
797 486 848 542 Hy-

228 553 321 608 daspen

170 621 375 678 Partheniumque
384 622 455 678 Rapo
464 625 489 670 et
499 623 646 679 praedurum
656 624 749 671 viribus
760 623 847 681 Orsen,

169 690 297 745 Messapus
312 691 474 747 Croniumque
484 693 680 749 Lucaoniumque
691 693 847 749 Erichaeten,

122 774 160 814 7⁵0
167 757 238 804 illum
247 758 348 806 infrenis
358 760 412 815 equi
422 760 492 816 lapsu
501 761 588 808 tellure
598 762 725 818 iacentem,

168 827 233 874 hunc
243 827 349 883 peditem
358 828 437 883 pedes.
468 829 503 876 Et
512 830 599 885 Lycius
609 831 759 885 processerat
768 829 838 886 Agis,

168 909 239 949 quem
249 896 331 942 tamen
341 896 407 943 haud
416 897 614 952 expersValerus
620 899 719 945 virtutis
729 898 809 945 avitae

168 962 263 1020 deiicit;
279 966 306 1011 at
316 965 449 1012 Thronium
460 965 539 1012 Salius
550 966 689 1022 Saliumque
699 966 802 1013 Nealces

167 1031 268 1089 insidiis,
278 1032 356 1080 iaculo
366 1035 391 1081 et
400 1033 472 1090 longe
481 1034 584 1081 fallente
594 1035 695 1092 sagitta.

197 1101 250 1146 Iam
259 1102 341 1157 gravis
351 1103 471 1158 aequabat
480 1101 562 1149 luctus
572 1103 597 1149 et
606 1105 694 1148 mutua
703 1102 803 1147 Mavors

168 1167 270 1215 funera:
284 1170 417 1217 caedebant
426 1171 519 1226 pariter
528 1170 666 1226 pariterque
675 1169 783 1216 ruebant

169 1237 272 1284 victores
282 1238 394 1295 victique,
405 1253 481 1293 neque
490 1238 528 1284 his
538 1238 599 1294 fuga
607 1240 667 1285 nota
675 1252 752 1293 neque
761 1237 817 1289 illis.

170 1305 203 1351 Di
212 1305 278 1351 Iovis
287 1305 313 1351 in
322 1306 395 1353 tectis
404 1306 466 1352 iram
476 1306 624 1352 miserantur
633 1306 730 1353 inanem

170 1373 305 1430 amborum,
316 1376 342 1420 et
351 1376 434 1421 tantos
443 1374 588 1421 mortalibus
597 1389 649 1421 esse
658 1374 752 1423 labores
761 1398 767 1424 ι

122 1448 160 1497 760
170 1441 227 1489 hinc
237 1442 329 1500 Venus,
339 1442 396 1490 hinc
407 1445 492 1490 contra
501 1443 596 1498 spectat
606 1443 723 1490 Saturnia
733 1445 804 1502 Iuno,

170 1511 262 1567 pallida
272 1511 402 1566 Tisiphone
411 1511 490 1558 media
499 1511 565 1558 inter
574 1511 649 1557 millia
659 1513 744 1560 saevit.

170 1581 205 1626 At
215 1595 272 1627 vero
281 1580 404 1636 ingentem
414 1579 524 1635 quatiens
534 1580 670 1626 Mezentius
681 1580 777 1627 hastam

169 1649 283 1695 turbidus
292 1649 430 1705 ingreditur
440 1664 533 1704 campo.
563 1648 641 1704 Quam
651 1663 755 1705 magnus
764 1649 847 1707 Orion,

169 1732 225 1763 cum
235 1717 306 1771 pedes
315 1716 405 1763 incedit
414 1716 486 1763 medii
495 1717 652 1772 permaxima
662 1717 737 1764 Nerei

169 1787 258 1842 stagna
268 1785 332 1831 viam
342 1785 460 1841 scindens,
471 1799 554 1831 umero
563 1785 726 1840 supereminet
736 1786 821 1843 undas,

169 1855 213 1900 aut
223 1853 324 1899 summis
333 1853 441 1900 referens
451 1868 567 1900 annosam
577 1853 700 1901 montibus
711 1870 798 1902 ornum

168 1921 352 1977 ingrediturque
362 1921 413 1968 solo
423 1923 447 1968 et
458 1923 531 1977 caput
540 1921 606 1968 inter
615 1922 701 1969 nubila
710 1924 793 1970 condit
803 1944 808 1971 ι

169 1990 227 2037 talis
237 2005 263 2037 se
272 1991 348 2037 vastis
357 1990 434 2037 infert
443 1991 579 2037 Mezentius
589 1991 671 2037 armis.

171 2058 237 2106 Huic
247 2060 332 2106 contra
340 2059 444 2114 Aeneas,
455 2058 593 2113 speculatus
602 2058 628 2104 in
638 2057 734 2113 agmine
744 2057 824 2115 longo,

124 2144 161 2181 770
171 2127 255 2174 obvius
264 2127 300 2174 ire
309 2129 389 2183 parat.
419 2127 505 2173 Manet
514 2125 693 2180 imperterritus
703 2125 754 2181 ille,

170 2195 265 2242 hostem
276 2195 456 2250 magnanimum
467 2194 599 2250 opperiens,
611 2195 635 2240 et
645 2192 707 2239 mole
718 2208 762 2239 sua
771 2194 821 2239 stat
830 2213 836 2250 ;

171 2266 245 2319 atque
267 2263 342 2309 oculis
365 2263 471 2318 spatium
499 2277 617 2319 emensus,
641 2262 760 2316 quantum
788 2262 847 2308 satis

227 2331 312 2377 hastae
323 2350 328 2378 :

173 2399 178 2420 ‘
189 2398 284 2446 Dextra
293 2399 353 2446 mihi
362 2399 420 2446 deus
430 2400 455 2445 et
465 2398 550 2454 telum,
558 2397 622 2452 quod
631 2395 720 2444 missile
730 2395 799 2454 libro,

396 2484 432 2518 tsi.
454 2482 558 2524 ‘insignis’
566 2480 617 2516 Med.

220 2537 229 2583 (
239 2538 289 2586 3⁶9)
