1972 3164
403 186 551 226 BUOOLICA.
578 187 610 226 IV

390 305 542 361 ECLOGA
565 306 619 362 IV.

172 426 370 521 SIOELIDES
380 427 475 483 Musae,
486 426 559 482 paulo
569 426 661 473 maiora
671 433 799 477 canamus!

220 497 278 544 Non
282 510 364 544 omnes
370 495 471 542 arbusta
476 494 562 543 iuvant
567 495 717 552 humilesque
723 497 826 554 myricae
834 518 841 555 ς

168 562 190 612 si
203 563 313 611 canimus
322 563 403 621 silvas,
413 563 487 610 silvae
497 563 545 610 sint
555 563 653 611 consuls
662 564 757 620 dignae.

198 631 294 678 Ultima
304 631 402 688 Cymaei
410 631 477 679 venit
486 631 535 679 iam
545 631 659 679 carminis
669 634 737 679 aetas
746 652 753 689 ;

166 715 273 758 magnus
282 699 314 746 ab
322 699 418 757 integro
427 699 559 747 saeclorum
568 699 679 747 nascitur
688 700 754 749 ordo.

167 769 224 816 Iam
233 767 297 814 redit
306 768 332 814 et
341 768 417 824 virgo,
427 767 529 814 redeunt
541 767 657 814 Saturnia
666 783 741 824 regna
749 788 756 825 ;

167 835 218 884 iam
228 850 291 883 nova
300 836 425 893 progenies
435 835 501 883 eaelo
509 835 647 883 demittitur
657 836 716 884 alto.

168 904 209 950 'I'u
219 904 290 952 modo
298 904 407 952 nascenti
416 919 498 960 puero,
509 919 556 960 quo
564 903 646 952 ferrea
656 905 761 960 primum

168 973 264 1020 desinet
273 988 302 1020 ac
311 975 365 1022 toto
373 974 458 1029 surget
466 987 525 1029 gens
535 988 610 1020 aurea
617 973 715 1031 mundo,

136 1064 160 1090 ιο
169 1041 239 1087 casta
248 1039 304 1087 fave
313 1040 406 1088 Lucina
415 1061 420 1088 ι
435 1041 493 1086 tuus
502 1039 551 1087 iam
560 1042 647 1097 regnat
656 1041 751 1096 Apollo.

168 1107 251 1162 Teque
261 1107 320 1155 adeo
329 1108 401 1155 decus
409 1108 455 1155 hoc
464 1108 525 1165 aevi,
535 1109 561 1155 te
571 1108 667 1156 consule
676 1109 755 1168 inibit,

168 1173 256 1231 Pollio,
267 1176 292 1221 et
301 1174 416 1230 incipient
426 1175 508 1232 magni
517 1176 645 1231 procedere
655 1192 749 1225 menses
759 1197 765 1233 ;

167 1245 195 1290 te
205 1242 302 1299 dueo,si
310 1258 359 1298 qua
367 1245 468 1291 manent
477 1243 573 1291 sceleris
582 1245 685 1300 vestigia
691 1246 778 1300 nostri,

168 1311 241 1358 inita
250 1313 367 1367 perpetua
376 1311 470 1359 solvent
480 1311 609 1359 formidine
618 1314 706 1360 terras.

169 1378 216 1426 Ille
226 1378 297 1426 deum
306 1379 382 1426 vitam
392 1380 493 1436 accipiet
503 1379 610 1435 divisque
620 1379 711 1426 videbit

169 1447 302 1502 permixtos
311 1447 405 1504 heroas,
416 1449 442 1494 et
450 1447 502 1503 ipsc
512 1447 635 1494 videbitur
643 1447 700 1504 illis,

168 1517 330 1572 pacatumque
339 1518 408 1573 reget
418 1516 504 1572 patriis
514 1515 646 1562 virtutibus
658 1516 748 1566 orbem.

169 1583 205 1630 At
215 1583 261 1631 tibi
270 1584 357 1641 prima,
370 1599 438 1641 puer,
448 1584 516 1631 nullo
525 1583 669 1632 munuscula
678 1585 748 1633 cultu

169 1653 280 1699 errantes
289 1653 391 1700 hederas
400 1652 490 1708 passim
500 1667 555 1700 curn
564 1652 665 1700 baccare
674 1654 748 1701 tellus

133 1745 160 1772 20
169 1719 293 1776 mixtaque
302 1721 393 1768 ridenti
402 1721 517 1769 colocasia
526 1721 613 1769 fundet
623 1722 735 1770 acantho.

169 1789 243 1844 Ipsae
252 1789 315 1837 lactc
324 1789 422 1836 domurn
430 1788 538 1837 referent
548 1790 654 1837 distenta
663 1791 769 1846 capellas

168 1857 253 1912 ubera,
263 1872 308 1906 nec
318 1872 417 1914 magnos
426 1859 536 1905 metuent
545 1860 656 1906 armenta
665 1859 753 1906 leones.

168 1925 229 1981 Ipsa
234 1925 280 1972 tibi
288 1925 389 1973 blandos
398 1925 503 1973 fundent
512 1926 632 1973 cunabula
641 1927 719 1974 flores.

169 1993 270 2041 Occidet
280 1995 306 2041 ot
315 2009 421 2051 serpens,
431 1995 457 2042 et
466 1994 543 2041 fallax
551 1994 627 2041 herba
636 1991 723 2042 veneni

168 2061 262 2109 occidet
270 2081 276 2118 ;
291 2062 418 2119 Assyrium
427 2063 501 2118 vulgo
512 2065 627 2110 nascetur
636 2078 766 2111 amomum.

169 2131 206 2177 At
215 2130 286 2177 simul
296 2130 396 2178 heroum
406 2131 489 2178 laudes
499 2133 524 2178 et
533 2130 601 2178 iacta
610 2132 718 2186 parentis

169 2199 219 2245 ium
229 2198 309 2256 legere
319 2201 344 2246 et
353 2214 414 2254 quas
424 2199 456 2246 sit
465 2199 555 2254 poteris
565 2214 707 2255 cognoscere
716 2200 803 2252 virtus,

169 2265 238 2313 molli
246 2267 365 2322 paulatim
375 2267 487 2315 flavescet
497 2283 595 2323 campus
606 2268 690 2323 arista,

168 2333 315 2390 incultisque
325 2334 414 2382 rubens
423 2335 536 2390 pendebit
544 2335 653 2382 sentibus
660 2349 717 2388 uva,

134 2427 159 2464 ³0
169 2404 195 2449 et
205 2401 280 2450 durae
289 2418 391 2458 quercus
400 2403 521 2452 sudabunt
530 2403 625 2451 roscida
633 2402 714 2449 mella.

169 2470 253 2586 Palm
262 2472 347 2585 tamen
356 2472 474 2520 suberunt
483 2472 576 2528 priscae
586 2470 689 2526 vestigia
697 2470 798 2528 fraudis,

236 2553 258 2588 ¹9
