<?xml version="1.0" encoding="UTF-8"?>
<!DOCTYPE html PUBLIC "-//W3C//DTD XHTML 1.0 Transitional//EN"
    "http://www.w3.org/TR/xhtml1/DTD/xhtml1-transitional.dtd">
<html xmlns="http://www.w3.org/1999/xhtml" xml:lang="en" lang="en">
 <head>
  <title>
</title>
<meta http-equiv="Content-Type" content="text/html;charset=utf-8" />
  <meta name='ocr-system' content='tesseract 3.04.00' />
  <meta name='ocr-capabilities' content='ocr_page ocr_carea ocr_par ocr_line ocrx_word'/>
</head>
<body>
  <div class='ocr_page' id='page_1' title='image "./pvergilimaronis07virggoog/pvergilimaronis07virggoog_0399.png"; bbox 0 0 1972 3164; ppageno 0'>
   <div class='ocr_carea' id='block_1_1' title="bbox 377 318 675 360">
    <p class='ocr_par' dir='ltr' id='par_1_1' title="bbox 377 318 675 360">
     <span class='ocr_line' id='line_1_1' title="bbox 377 318 675 360; baseline 0.007 -2"><span class='ocrx_word' id='word_1_1' title='bbox 377 320 399 358; x_wconf 92' lang='grc' dir='ltr'>Ρ.</span> <span class='ocrx_word' id='word_1_2' title='bbox 412 319 533 360; x_wconf 84' lang='lat' dir='ltr'><strong>VERGILI</strong></span> <span class='ocrx_word' id='word_1_3' title='bbox 545 318 675 360; x_wconf 76' lang='lat' dir='ltr'><strong>MARONIS</strong></span> 
     </span>
    </p>
   </div>
   <div class='ocr_carea' id='block_1_2' title="bbox 142 417 869 2603">
    <p class='ocr_par' dir='ltr' id='par_1_2' title="bbox 142 417 868 2122">
     <span class='ocr_line' id='line_1_2' title="bbox 187 417 843 474; baseline 0.003 -10"><span class='ocrx_word' id='word_1_4' title='bbox 187 417 310 474; x_wconf 82' lang='lat' dir='ltr'>viderunt,</span> <span class='ocrx_word' id='word_1_5' title='bbox 319 419 437 464; x_wconf 85' lang='lat' dir='ltr'>maestam</span> <span class='ocrx_word' id='word_1_6' title='bbox 446 417 580 465; x_wconf 89' lang='lat' dir='ltr'>incendunt</span> <span class='ocrx_word' id='word_1_7' title='bbox 591 417 738 465; x_wconf 83' lang='lat' dir='ltr'>clamoribus</span> <span class='ocrx_word' id='word_1_8' title='bbox 747 418 843 467; x_wconf 87' lang='lat' dir='ltr'>urbem.</span> 
     </span>
     <span class='ocr_line' id='line_1_3' title="bbox 188 485 769 545; baseline 0.002 -12"><span class='ocrx_word' id='word_1_9' title='bbox 188 487 224 534; x_wconf 83' lang='lat' dir='ltr'>At</span> <span class='ocrx_word' id='word_1_10' title='bbox 232 501 281 533; x_wconf 89' lang='lat' dir='ltr'>non</span> <span class='ocrx_word' id='word_1_11' title='bbox 291 486 434 533; x_wconf 86' lang='lat' dir='ltr'>Evandrum</span> <span class='ocrx_word' id='word_1_12' title='bbox 445 485 509 541; x_wconf 87' lang='lat' dir='ltr'>potis</span> <span class='ocrx_word' id='word_1_13' title='bbox 519 487 557 533; x_wconf 86' lang='lat' dir='ltr'>est</span> <span class='ocrx_word' id='word_1_14' title='bbox 566 486 603 532; x_wconf 80' lang='lat' dir='ltr'>vis</span> <span class='ocrx_word' id='word_1_15' title='bbox 613 486 666 533; x_wconf 85' lang='lat' dir='ltr'>ulla</span> <span class='ocrx_word' id='word_1_16' title='bbox 675 487 769 545; x_wconf 88' lang='lat' dir='ltr'>tenere,</span> 
     </span>
     <span class='ocr_line' id='line_1_4' title="bbox 189 554 813 618; baseline 0.008 -17"><span class='ocrx_word' id='word_1_17' title='bbox 189 555 231 602; x_wconf 89' lang='lat' dir='ltr'>sed</span> <span class='ocrx_word' id='word_1_18' title='bbox 241 555 307 601; x_wconf 86' lang='lat' dir='ltr'>vonit</span> <span class='ocrx_word' id='word_1_19' title='bbox 317 554 343 601; x_wconf 94' lang='lat' dir='ltr'>in</span> <span class='ocrx_word' id='word_1_20' title='bbox 352 555 449 602; x_wconf 89' lang='lat' dir='ltr'>medios.</span> <span class='ocrx_word' id='word_1_21' title='bbox 478 554 580 602; x_wconf 77' lang='lat' dir='ltr'>Feretro</span> <span class='ocrx_word' id='word_1_22' title='bbox 591 554 706 618; x_wconf 79' lang='lat' dir='ltr'>Pallanta</span> <span class='ocrx_word' id='word_1_23' title='bbox 714 561 813 613; x_wconf 88' lang='lat' dir='ltr'>reposto</span> 
     </span>
     <span class='ocr_line' id='line_1_5' title="bbox 142 623 868 685; baseline 0.004 -13"><span class='ocrx_word' id='word_1_24' title='bbox 142 636 179 672; x_wconf 84' lang='lat'>150</span> <span class='ocrx_word' id='word_1_25' title='bbox 190 624 318 680; x_wconf 77' lang='lat' dir='ltr'>procubuit</span> <span class='ocrx_word' id='word_1_26' title='bbox 337 639 409 679; x_wconf 86' lang='lat' dir='ltr'>super</span> <span class='ocrx_word' id='word_1_27' title='bbox 428 626 501 680; x_wconf 82' lang='lat' dir='ltr'>atque</span> <span class='ocrx_word' id='word_1_28' title='bbox 521 623 607 671; x_wconf 82' lang='lat' dir='ltr'>haeret</span> <span class='ocrx_word' id='word_1_29' title='bbox 627 623 807 683; x_wconf 74' lang='lat' dir='ltr'>lacrimansque</span> <span class='ocrx_word' id='word_1_30' title='bbox 829 644 868 685; x_wconf 81' lang='lat' dir='ltr'>gc-</span> 
     </span>
     <span class='ocr_line' id='line_1_6' title="bbox 249 707 370 749; baseline -0.017 -9"><span class='ocrx_word' id='word_1_31' title='bbox 249 707 370 749; x_wconf 89' lang='lat' dir='ltr'>mensque,</span> 
     </span>
     <span class='ocr_line' id='line_1_7' title="bbox 189 758 733 810; baseline 0 0"><span class='ocrx_word' id='word_1_32' title='bbox 189 764 215 810; x_wconf 86' lang='lat' dir='ltr'>ct</span> <span class='ocrx_word' id='word_1_33' title='bbox 224 763 265 809; x_wconf 81' lang='lat' dir='ltr'>via</span> <span class='ocrx_word' id='word_1_34' title='bbox 273 761 315 808; x_wconf 82' lang='lat' dir='ltr'>rix</span> <span class='ocrx_word' id='word_1_35' title='bbox 323 760 422 807; x_wconf 83' lang='lat' dir='ltr'>tandem</span> <span class='ocrx_word' id='word_1_36' title='bbox 432 759 485 807; x_wconf 80' lang='lat' dir='ltr'>voci</span> <span class='ocrx_word' id='word_1_37' title='bbox 494 759 578 806; x_wconf 86' lang='lat' dir='ltr'>laxata</span> <span class='ocrx_word' id='word_1_38' title='bbox 587 758 668 807; x_wconf 93' lang='lat' dir='ltr'>dolore</span> <span class='ocrx_word' id='word_1_39' title='bbox 678 764 717 809; x_wconf 89' lang='lat' dir='ltr'>est</span> <span class='ocrx_word' id='word_1_40' title='bbox 727 783 733 810; x_wconf 74' lang='grc' dir='ltr'><strong>ε</strong></span> 
     </span>
     <span class='ocr_line' id='line_1_8' title="bbox 190 829 811 889; baseline 0.002 -11"><span class='ocrx_word' id='word_1_41' title='bbox 190 832 261 878; x_wconf 88' lang='lat' dir='ltr'>‘Non</span> <span class='ocrx_word' id='word_1_42' title='bbox 269 830 337 887; x_wconf 86' lang='lat' dir='ltr'>haec,</span> <span class='ocrx_word' id='word_1_43' title='bbox 348 844 362 877; x_wconf 94' lang='lat' dir='ltr'>o</span> <span class='ocrx_word' id='word_1_44' title='bbox 373 829 451 886; x_wconf 83' lang='lat' dir='ltr'>Palla,</span> <span class='ocrx_word' id='word_1_45' title='bbox 462 829 563 876; x_wconf 84' lang='lat' dir='ltr'>dederas</span> <span class='ocrx_word' id='word_1_46' title='bbox 573 830 693 884; x_wconf 83' lang='lat' dir='ltr'>promissa</span> <span class='ocrx_word' id='word_1_47' title='bbox 703 833 811 889; x_wconf 86' lang='lat' dir='ltr'>parenti,</span> 
     </span>
     <span class='ocr_line' id='line_1_9' title="bbox 190 897 728 948; baseline 0 -1"><span class='ocrx_word' id='word_1_48' title='bbox 190 900 285 948; x_wconf 85' lang='lat' dir='ltr'>cautius</span> <span class='ocrx_word' id='word_1_49' title='bbox 295 901 324 946; x_wconf 87' lang='lat' dir='ltr'>ut</span> <span class='ocrx_word' id='word_1_50' title='bbox 334 912 404 946; x_wconf 82' lang='lat' dir='ltr'>saevo</span> <span class='ocrx_word' id='word_1_51' title='bbox 414 897 488 945; x_wconf 86' lang='lat' dir='ltr'>velles</span> <span class='ocrx_word' id='word_1_52' title='bbox 497 899 523 944; x_wconf 87' lang='lat' dir='ltr'>te</span> <span class='ocrx_word' id='word_1_53' title='bbox 532 897 629 946; x_wconf 89' lang='lat' dir='ltr'>eredere</span> <span class='ocrx_word' id='word_1_54' title='bbox 640 899 728 948; x_wconf 87' lang='lat' dir='ltr'>Marti.</span> 
     </span>
     <span class='ocr_line' id='line_1_10' title="bbox 189 966 859 1025; baseline 0.001 -9"><span class='ocrx_word' id='word_1_55' title='bbox 189 969 255 1017; x_wconf 82' lang='lat' dir='ltr'>haud</span> <span class='ocrx_word' id='word_1_56' title='bbox 264 968 365 1025; x_wconf 79' lang='lat' dir='ltr'>ignarus</span> <span class='ocrx_word' id='word_1_57' title='bbox 374 982 449 1023; x_wconf 87' lang='lat' dir='ltr'>eram,</span> <span class='ocrx_word' id='word_1_58' title='bbox 460 969 578 1022; x_wconf 85' lang='lat' dir='ltr'>quantum</span> <span class='ocrx_word' id='word_1_59' title='bbox 588 982 652 1014; x_wconf 88' lang='lat' dir='ltr'>nova</span> <span class='ocrx_word' id='word_1_60' title='bbox 660 966 740 1024; x_wconf 78' lang='lat' dir='ltr'>gloria</span> <span class='ocrx_word' id='word_1_61' title='bbox 749 969 775 1016; x_wconf 91' lang='lat' dir='ltr'>in</span> <span class='ocrx_word' id='word_1_62' title='bbox 785 970 859 1017; x_wconf 86' lang='lat' dir='ltr'>armis</span> 
     </span>
     <span class='ocr_line' id='line_1_11' title="bbox 190 1035 767 1094; baseline 0 -9"><span class='ocrx_word' id='word_1_63' title='bbox 190 1039 215 1085; x_wconf 92' lang='lat' dir='ltr'>et</span> <span class='ocrx_word' id='word_1_64' title='bbox 224 1037 353 1094; x_wconf 82' lang='lat' dir='ltr'>praedulce</span> <span class='ocrx_word' id='word_1_65' title='bbox 363 1036 436 1083; x_wconf 91' lang='lat' dir='ltr'>decus</span> <span class='ocrx_word' id='word_1_66' title='bbox 446 1035 524 1091; x_wconf 88' lang='lat' dir='ltr'>primo</span> <span class='ocrx_word' id='word_1_67' title='bbox 534 1035 666 1083; x_wconf 72' lang='lat' dir='ltr'>certamine</span> <span class='ocrx_word' id='word_1_68' title='bbox 676 1039 767 1092; x_wconf 89' lang='lat' dir='ltr'>posset.</span> 
     </span>
     <span class='ocr_line' id='line_1_12' title="bbox 190 1103 791 1162; baseline -0.002 -9"><span class='ocrx_word' id='word_1_69' title='bbox 190 1107 315 1153; x_wconf 80' lang='lat' dir='ltr'>Primitiae</span> <span class='ocrx_word' id='word_1_70' title='bbox 324 1103 417 1152; x_wconf 88' lang='lat' dir='ltr'>iuvenis</span> <span class='ocrx_word' id='word_1_71' title='bbox 427 1103 536 1160; x_wconf 83' lang='lat' dir='ltr'>miserae,</span> <span class='ocrx_word' id='word_1_72' title='bbox 547 1103 650 1159; x_wconf 89' lang='lat' dir='ltr'>bellique</span> <span class='ocrx_word' id='word_1_73' title='bbox 661 1106 791 1162; x_wconf 87' lang='lat' dir='ltr'>propinqui</span> 
     </span>
     <span class='ocr_line' id='line_1_13' title="bbox 189 1172 749 1229; baseline -0.002 -7"><span class='ocrx_word' id='word_1_74' title='bbox 189 1175 252 1222; x_wconf 87' lang='lat' dir='ltr'>dura</span> <span class='ocrx_word' id='word_1_75' title='bbox 260 1175 407 1229; x_wconf 82' lang='lat' dir='ltr'>rudimenta,</span> <span class='ocrx_word' id='word_1_76' title='bbox 418 1174 442 1220; x_wconf 85' lang='lat' dir='ltr'>et</span> <span class='ocrx_word' id='word_1_77' title='bbox 452 1172 514 1218; x_wconf 90' lang='lat' dir='ltr'>nulli</span> <span class='ocrx_word' id='word_1_78' title='bbox 523 1173 637 1220; x_wconf 88' lang='lat' dir='ltr'>exaudita</span> <span class='ocrx_word' id='word_1_79' title='bbox 647 1173 749 1221; x_wconf 88' lang='lat' dir='ltr'>deorum</span> 
     </span>
     <span class='ocr_line' id='line_1_14' title="bbox 190 1242 864 1300; baseline 0 -9"><span class='ocrx_word' id='word_1_80' title='bbox 190 1247 247 1291; x_wconf 84' lang='lat' dir='ltr'>vota</span> <span class='ocrx_word' id='word_1_81' title='bbox 255 1257 384 1300; x_wconf 86' lang='lat' dir='ltr'>precesque</span> <span class='ocrx_word' id='word_1_82' title='bbox 391 1244 470 1288; x_wconf 86' lang='lat' dir='ltr'>meae!</span> <span class='ocrx_word' id='word_1_83' title='bbox 481 1242 584 1298; x_wconf 81' lang='lat' dir='ltr'>tuque,o</span> <span class='ocrx_word' id='word_1_84' title='bbox 592 1242 747 1290; x_wconf 83' lang='lat' dir='ltr'>sanctissima</span> <span class='ocrx_word' id='word_1_85' title='bbox 753 1244 864 1300; x_wconf 80' lang='lat' dir='ltr'>coniunx,</span> 
     </span>
     <span class='ocr_line' id='line_1_15' title="bbox 190 1309 830 1365; baseline -0.002 -5"><span class='ocrx_word' id='word_1_86' title='bbox 190 1312 249 1360; x_wconf 82' lang='lat' dir='ltr'>felix</span> <span class='ocrx_word' id='word_1_87' title='bbox 259 1313 337 1360; x_wconf 86' lang='lat' dir='ltr'>morte</span> <span class='ocrx_word' id='word_1_88' title='bbox 347 1312 393 1357; x_wconf 83' lang='lat' dir='ltr'>tua</span> <span class='ocrx_word' id='word_1_89' title='bbox 401 1325 478 1365; x_wconf 89' lang='lat' dir='ltr'>neque</span> <span class='ocrx_word' id='word_1_90' title='bbox 488 1309 514 1356; x_wconf 91' lang='lat' dir='ltr'>in</span> <span class='ocrx_word' id='word_1_91' title='bbox 523 1309 589 1356; x_wconf 89' lang='lat' dir='ltr'>hunc</span> <span class='ocrx_word' id='word_1_92' title='bbox 598 1312 697 1357; x_wconf 89' lang='lat' dir='ltr'>servata</span> <span class='ocrx_word' id='word_1_93' title='bbox 707 1311 815 1359; x_wconf 90' lang='lat' dir='ltr'>dolorem</span> <span class='ocrx_word' id='word_1_94' title='bbox 825 1317 830 1359; x_wconf 71' lang='grc' dir='ltr'>Ι</span> 
     </span>
     <span class='ocr_line' id='line_1_16' title="bbox 142 1377 778 1438; baseline -0.003 -10"><span class='ocrx_word' id='word_1_95' title='bbox 142 1381 178 1419; x_wconf 85' lang='lat'>1⁶⁰</span> <span class='ocrx_word' id='word_1_96' title='bbox 191 1381 283 1428; x_wconf 76' lang='lat' dir='ltr'>Contra</span> <span class='ocrx_word' id='word_1_97' title='bbox 293 1395 338 1438; x_wconf 78' lang='lat' dir='ltr'>ego</span> <span class='ocrx_word' id='word_1_98' title='bbox 346 1380 449 1427; x_wconf 85' lang='lat' dir='ltr'>vivendo</span> <span class='ocrx_word' id='word_1_99' title='bbox 458 1378 505 1425; x_wconf 81' lang='lat' dir='ltr'>vici</span> <span class='ocrx_word' id='word_1_100' title='bbox 515 1393 568 1425; x_wconf 88' lang='lat' dir='ltr'>mea</span> <span class='ocrx_word' id='word_1_101' title='bbox 578 1377 640 1434; x_wconf 81' lang='lat' dir='ltr'>iata,</span> <span class='ocrx_word' id='word_1_102' title='bbox 651 1381 778 1434; x_wconf 85' lang='lat' dir='ltr'>superstes</span> 
     </span>
     <span class='ocr_line' id='line_1_17' title="bbox 189 1447 856 1505; baseline 0 -9"><span class='ocrx_word' id='word_1_103' title='bbox 189 1451 306 1497; x_wconf 81' lang='lat' dir='ltr'>restarem</span> <span class='ocrx_word' id='word_1_104' title='bbox 316 1450 345 1496; x_wconf 89' lang='lat' dir='ltr'>nt</span> <span class='ocrx_word' id='word_1_105' title='bbox 354 1448 461 1505; x_wconf 78' lang='lat' dir='ltr'>genitor.</span> <span class='ocrx_word' id='word_1_106' title='bbox 492 1447 582 1494; x_wconf 85' lang='lat' dir='ltr'>Troum</span> <span class='ocrx_word' id='word_1_107' title='bbox 593 1447 658 1495; x_wconf 88' lang='lat' dir='ltr'>socia</span> <span class='ocrx_word' id='word_1_108' title='bbox 666 1463 737 1494; x_wconf 89' lang='lat' dir='ltr'>arma</span> <span class='ocrx_word' id='word_1_109' title='bbox 747 1451 856 1496; x_wconf 87' lang='lat' dir='ltr'>secutum</span> 
     </span>
     <span class='ocr_line' id='line_1_18' title="bbox 189 1515 821 1574; baseline -0.002 -9"><span class='ocrx_word' id='word_1_110' title='bbox 189 1518 319 1565; x_wconf 86' lang='lat' dir='ltr'>obruerent</span> <span class='ocrx_word' id='word_1_111' title='bbox 329 1516 418 1564; x_wconf 85' lang='lat' dir='ltr'>Rutuli</span> <span class='ocrx_word' id='word_1_112' title='bbox 426 1516 482 1563; x_wconf 86' lang='lat' dir='ltr'>telis</span> <span class='ocrx_word' id='word_1_113' title='bbox 492 1519 497 1562; x_wconf 85' lang='lat'>!</span> <span class='ocrx_word' id='word_1_114' title='bbox 514 1515 620 1562; x_wconf 87' lang='lat' dir='ltr'>animam</span> <span class='ocrx_word' id='word_1_115' title='bbox 630 1515 682 1571; x_wconf 90' lang='lat' dir='ltr'>ipse</span> <span class='ocrx_word' id='word_1_116' title='bbox 693 1515 821 1574; x_wconf 85' lang='lat' dir='ltr'>dedissem,</span> 
     </span>
     <span class='ocr_line' id='line_1_19' title="bbox 189 1584 864 1643; baseline 0.001 -11"><span class='ocrx_word' id='word_1_117' title='bbox 189 1588 261 1643; x_wconf 87' lang='lat' dir='ltr'>atque</span> <span class='ocrx_word' id='word_1_118' title='bbox 276 1586 335 1633; x_wconf 87' lang='lat' dir='ltr'>haec</span> <span class='ocrx_word' id='word_1_119' title='bbox 348 1601 437 1641; x_wconf 87' lang='lat' dir='ltr'>pompa</span> <span class='ocrx_word' id='word_1_120' title='bbox 452 1585 548 1631; x_wconf 89' lang='lat' dir='ltr'>domum</span> <span class='ocrx_word' id='word_1_121' title='bbox 563 1599 610 1641; x_wconf 90' lang='lat' dir='ltr'>me,</span> <span class='ocrx_word' id='word_1_122' title='bbox 624 1599 673 1631; x_wconf 90' lang='lat' dir='ltr'>non</span> <span class='ocrx_word' id='word_1_123' title='bbox 688 1584 817 1643; x_wconf 79' lang='lat' dir='ltr'>Pallanta,</span> <span class='ocrx_word' id='word_1_124' title='bbox 831 1602 864 1633; x_wconf 86' lang='lat' dir='ltr'>re-</span> 
     </span>
     <span class='ocr_line' id='line_1_20' title="bbox 245 1654 335 1702; baseline 0 -2"><span class='ocrx_word' id='word_1_125' title='bbox 245 1654 335 1702; x_wconf 85' lang='lat' dir='ltr'>ferret!</span> 
     </span>
     <span class='ocr_line' id='line_1_21' title="bbox 190 1720 831 1779; baseline -0.002 -10"><span class='ocrx_word' id='word_1_126' title='bbox 190 1722 241 1771; x_wconf 88' lang='lat' dir='ltr'>Nec</span> <span class='ocrx_word' id='word_1_127' title='bbox 251 1739 293 1770; x_wconf 82' lang='lat' dir='ltr'>vos</span> <span class='ocrx_word' id='word_1_128' title='bbox 303 1722 434 1779; x_wconf 80' lang='lat' dir='ltr'>arguerim,</span> <span class='ocrx_word' id='word_1_129' title='bbox 445 1721 541 1778; x_wconf 86' lang='lat' dir='ltr'>Teucri,</span> <span class='ocrx_word' id='word_1_130' title='bbox 552 1735 596 1768; x_wconf 92' lang='lat' dir='ltr'>nec</span> <span class='ocrx_word' id='word_1_131' title='bbox 605 1720 705 1768; x_wconf 86' lang='lat' dir='ltr'>foedera</span> <span class='ocrx_word' id='word_1_132' title='bbox 714 1737 760 1769; x_wconf 91' lang='lat' dir='ltr'>nec</span> <span class='ocrx_word' id='word_1_133' title='bbox 771 1738 831 1778; x_wconf 84' lang='lat' dir='ltr'>quas</span> 
     </span>
     <span class='ocr_line' id='line_1_22' title="bbox 188 1789 798 1846; baseline 0 -9"><span class='ocrx_word' id='word_1_134' title='bbox 188 1791 311 1838; x_wconf 87' lang='lat' dir='ltr'>iunximus</span> <span class='ocrx_word' id='word_1_135' title='bbox 321 1791 425 1846; x_wconf 87' lang='lat' dir='ltr'>hospitio</span> <span class='ocrx_word' id='word_1_136' title='bbox 435 1791 533 1838; x_wconf 89' lang='lat' dir='ltr'>dextras</span> <span class='ocrx_word' id='word_1_137' title='bbox 543 1810 548 1836; x_wconf 73' lang='grc' dir='ltr'><em>ι</em></span> <span class='ocrx_word' id='word_1_138' title='bbox 563 1805 614 1837; x_wconf 85' lang='lat' dir='ltr'>sors</span> <span class='ocrx_word' id='word_1_139' title='bbox 626 1789 674 1836; x_wconf 90' lang='lat' dir='ltr'>ista</span> <span class='ocrx_word' id='word_1_140' title='bbox 684 1793 798 1837; x_wconf 86' lang='lat' dir='ltr'>senectae</span> 
     </span>
     <span class='ocr_line' id='line_1_23' title="bbox 189 1859 849 1916; baseline -0.002 -10"><span class='ocrx_word' id='word_1_141' title='bbox 189 1859 272 1906; x_wconf 87' lang='lat' dir='ltr'>debita</span> <span class='ocrx_word' id='word_1_142' title='bbox 281 1860 335 1907; x_wconf 90' lang='lat' dir='ltr'>erat</span> <span class='ocrx_word' id='word_1_143' title='bbox 344 1861 451 1906; x_wconf 87' lang='lat' dir='ltr'>nostrae.</span> <span class='ocrx_word' id='word_1_144' title='bbox 483 1860 552 1916; x_wconf 84' lang='lat' dir='ltr'>Quod</span> <span class='ocrx_word' id='word_1_145' title='bbox 562 1859 582 1906; x_wconf 89' lang='lat' dir='ltr'>si</span> <span class='ocrx_word' id='word_1_146' title='bbox 592 1859 724 1904; x_wconf 84' lang='lat' dir='ltr'>immatura</span> <span class='ocrx_word' id='word_1_147' title='bbox 733 1859 849 1905; x_wconf 84' lang='lat' dir='ltr'>manebat</span> 
     </span>
     <span class='ocr_line' id='line_1_24' title="bbox 192 1926 789 1983; baseline 0.002 -10"><span class='ocrx_word' id='word_1_148' title='bbox 192 1942 256 1974; x_wconf 90' lang='lat' dir='ltr'>mors</span> <span class='ocrx_word' id='word_1_149' title='bbox 267 1929 362 1983; x_wconf 85' lang='lat' dir='ltr'>natum,</span> <span class='ocrx_word' id='word_1_150' title='bbox 374 1927 450 1974; x_wconf 88' lang='lat' dir='ltr'>caesis</span> <span class='ocrx_word' id='word_1_151' title='bbox 460 1927 603 1975; x_wconf 88' lang='lat' dir='ltr'>Volscorum</span> <span class='ocrx_word' id='word_1_152' title='bbox 613 1926 719 1973; x_wconf 87' lang='lat' dir='ltr'>millibus</span> <span class='ocrx_word' id='word_1_153' title='bbox 729 1929 789 1974; x_wconf 91' lang='lat' dir='ltr'>ante</span> 
     </span>
     <span class='ocr_line' id='line_1_25' title="bbox 189 1994 815 2044; baseline 0 -1"><span class='ocrx_word' id='word_1_154' title='bbox 189 1996 316 2043; x_wconf 87' lang='lat' dir='ltr'>ducentem</span> <span class='ocrx_word' id='word_1_155' title='bbox 325 1995 351 2041; x_wconf 90' lang='lat' dir='ltr'>in</span> <span class='ocrx_word' id='word_1_156' title='bbox 361 1995 460 2041; x_wconf 87' lang='lat' dir='ltr'>Latium</span> <span class='ocrx_word' id='word_1_157' title='bbox 471 1995 577 2044; x_wconf 89' lang='lat' dir='ltr'>Teucros</span> <span class='ocrx_word' id='word_1_158' title='bbox 588 1995 700 2044; x_wconf 87' lang='lat' dir='ltr'>cecidisse</span> <span class='ocrx_word' id='word_1_159' title='bbox 710 1994 815 2043; x_wconf 83' lang='lat' dir='ltr'>iuvabit.</span> 
     </span>
     <span class='ocr_line' id='line_1_26' title="bbox 191 2063 747 2122; baseline -0.002 -11"><span class='ocrx_word' id='word_1_160' title='bbox 191 2064 254 2122; x_wconf 79' lang='lat' dir='ltr'>Quin</span> <span class='ocrx_word' id='word_1_161' title='bbox 264 2079 308 2120; x_wconf 79' lang='lat' dir='ltr'>ego</span> <span class='ocrx_word' id='word_1_162' title='bbox 317 2078 366 2110; x_wconf 92' lang='lat' dir='ltr'>non</span> <span class='ocrx_word' id='word_1_163' title='bbox 376 2063 423 2109; x_wconf 87' lang='lat' dir='ltr'>alio</span> <span class='ocrx_word' id='word_1_164' title='bbox 433 2063 520 2121; x_wconf 81' lang='lat' dir='ltr'>digner</span> <span class='ocrx_word' id='word_1_165' title='bbox 530 2066 554 2112; x_wconf 86' lang='lat' dir='ltr'>te</span> <span class='ocrx_word' id='word_1_166' title='bbox 564 2065 658 2121; x_wconf 87' lang='lat' dir='ltr'>funere,</span> <span class='ocrx_word' id='word_1_167' title='bbox 669 2064 747 2121; x_wconf 85' lang='lat' dir='ltr'>Pella,</span> 
     </span>
    </p>

    <p class='ocr_par' dir='ltr' id='par_1_3' title="bbox 143 2133 869 2467">
     <span class='ocr_line' id='line_1_27' title="bbox 143 2133 869 2192; baseline -0.003 -10"><span class='ocrx_word' id='word_1_168' title='bbox 143 2156 179 2192; x_wconf 85' lang='lat'>170</span> <span class='ocrx_word' id='word_1_169' title='bbox 190 2149 262 2190; x_wconf 88' lang='lat' dir='ltr'>quam</span> <span class='ocrx_word' id='word_1_170' title='bbox 272 2134 325 2189; x_wconf 88' lang='lat' dir='ltr'>pius</span> <span class='ocrx_word' id='word_1_171' title='bbox 333 2133 428 2180; x_wconf 86' lang='lat' dir='ltr'>Aeneas</span> <span class='ocrx_word' id='word_1_172' title='bbox 437 2134 462 2179; x_wconf 90' lang='lat' dir='ltr'>et</span> <span class='ocrx_word' id='word_1_173' title='bbox 472 2148 544 2189; x_wconf 87' lang='lat' dir='ltr'>quam</span> <span class='ocrx_word' id='word_1_174' title='bbox 554 2133 638 2191; x_wconf 83' lang='lat' dir='ltr'>magni</span> <span class='ocrx_word' id='word_1_175' title='bbox 645 2133 754 2189; x_wconf 77' lang='lat' dir='ltr'>Phryges</span> <span class='ocrx_word' id='word_1_176' title='bbox 760 2135 786 2180; x_wconf 89' lang='lat' dir='ltr'>et</span> <span class='ocrx_word' id='word_1_177' title='bbox 796 2150 869 2189; x_wconf 87' lang='lat' dir='ltr'>quam</span> 
     </span>
     <span class='ocr_line' id='line_1_28' title="bbox 191 2202 840 2260; baseline 0 -10"><span class='ocrx_word' id='word_1_178' title='bbox 191 2204 356 2260; x_wconf 81' lang='lat' dir='ltr'>Tyrrhenique</span> <span class='ocrx_word' id='word_1_179' title='bbox 365 2202 446 2260; x_wconf 89' lang='lat' dir='ltr'>duces,</span> <span class='ocrx_word' id='word_1_180' title='bbox 458 2202 612 2258; x_wconf 82' lang='lat' dir='ltr'>Tyrrhenum</span> <span class='ocrx_word' id='word_1_181' title='bbox 622 2202 741 2249; x_wconf 84' lang='lat' dir='ltr'>exercitus</span> <span class='ocrx_word' id='word_1_182' title='bbox 752 2203 840 2250; x_wconf 89' lang='lat' dir='ltr'>omnis.</span> 
     </span>
     <span class='ocr_line' id='line_1_29' title="bbox 191 2270 849 2330; baseline 0.002 -12"><span class='ocrx_word' id='word_1_183' title='bbox 191 2273 283 2330; x_wconf 79' lang='lat' dir='ltr'>Magna</span> <span class='ocrx_word' id='word_1_184' title='bbox 292 2274 392 2328; x_wconf 84' lang='lat' dir='ltr'>tropaea</span> <span class='ocrx_word' id='word_1_185' title='bbox 401 2272 493 2328; x_wconf 84' lang='lat' dir='ltr'>ferunt,</span> <span class='ocrx_word' id='word_1_186' title='bbox 504 2287 562 2327; x_wconf 89' lang='lat' dir='ltr'>quos</span> <span class='ocrx_word' id='word_1_187' title='bbox 572 2272 615 2318; x_wconf 86' lang='lat' dir='ltr'>dat</span> <span class='ocrx_word' id='word_1_188' title='bbox 624 2273 669 2317; x_wconf 85' lang='lat' dir='ltr'>tna</span> <span class='ocrx_word' id='word_1_189' title='bbox 679 2270 780 2317; x_wconf 87' lang='lat' dir='ltr'>dextera</span> <span class='ocrx_word' id='word_1_190' title='bbox 790 2271 849 2319; x_wconf 85' lang='lat' dir='ltr'>leto.</span> 
     </span>
     <span class='ocr_line' id='line_1_30' title="bbox 191 2340 859 2398; baseline -0.001 -9"><span class='ocrx_word' id='word_1_191' title='bbox 191 2342 231 2389; x_wconf 93' lang='lat' dir='ltr'>Tu</span> <span class='ocrx_word' id='word_1_192' title='bbox 240 2359 331 2398; x_wconf 91' lang='lat' dir='ltr'>quoque</span> <span class='ocrx_word' id='word_1_193' title='bbox 341 2357 406 2388; x_wconf 87' lang='lat' dir='ltr'>nunc</span> <span class='ocrx_word' id='word_1_194' title='bbox 416 2343 494 2388; x_wconf 86' lang='lat' dir='ltr'>stares</span> <span class='ocrx_word' id='word_1_195' title='bbox 504 2341 615 2387; x_wconf 88' lang='lat' dir='ltr'>immanis</span> <span class='ocrx_word' id='word_1_196' title='bbox 625 2343 726 2387; x_wconf 89' lang='lat' dir='ltr'>truncus</span> <span class='ocrx_word' id='word_1_197' title='bbox 736 2340 763 2386; x_wconf 90' lang='lat' dir='ltr'>in</span> <span class='ocrx_word' id='word_1_198' title='bbox 774 2341 859 2398; x_wconf 85' lang='lat' dir='ltr'>armis,</span> 
     </span>
     <span class='ocr_line' id='line_1_31' title="bbox 190 2409 738 2467; baseline -0.002 -12"><span class='ocrx_word' id='word_1_199' title='bbox 190 2414 254 2457; x_wconf 85' lang='lat' dir='ltr'>esset</span> <span class='ocrx_word' id='word_1_200' title='bbox 264 2428 309 2467; x_wconf 87' lang='lat' dir='ltr'>par</span> <span class='ocrx_word' id='word_1_201' title='bbox 319 2413 386 2458; x_wconf 84' lang='lat' dir='ltr'>aetas</span> <span class='ocrx_word' id='word_1_202' title='bbox 396 2412 421 2457; x_wconf 90' lang='lat' dir='ltr'>et</span> <span class='ocrx_word' id='word_1_203' title='bbox 431 2410 495 2456; x_wconf 91' lang='lat' dir='ltr'>idem</span> <span class='ocrx_word' id='word_1_204' title='bbox 505 2410 525 2456; x_wconf 89' lang='lat' dir='ltr'>si</span> <span class='ocrx_word' id='word_1_205' title='bbox 535 2409 609 2457; x_wconf 92' lang='lat' dir='ltr'>robur</span> <span class='ocrx_word' id='word_1_206' title='bbox 619 2409 650 2456; x_wconf 88' lang='lat' dir='ltr'>ab</span> <span class='ocrx_word' id='word_1_207' title='bbox 660 2409 738 2464; x_wconf 89' lang='lat' dir='ltr'>annis,</span> 
     </span>
    </p>

    <p class='ocr_par' dir='ltr' id='par_1_4' title="bbox 190 2478 862 2603">
     <span class='ocr_line' id='line_1_32' title="bbox 191 2478 862 2533; baseline 0.003 -9"><span class='ocrx_word' id='word_1_208' title='bbox 191 2478 281 2527; x_wconf 90' lang='lat' dir='ltr'>Turne.</span> <span class='ocrx_word' id='word_1_209' title='bbox 312 2480 359 2527; x_wconf 82' lang='lat' dir='ltr'>Sed</span> <span class='ocrx_word' id='word_1_210' title='bbox 368 2479 453 2526; x_wconf 83' lang='lat' dir='ltr'>infelix</span> <span class='ocrx_word' id='word_1_211' title='bbox 463 2479 567 2525; x_wconf 88' lang='lat' dir='ltr'>Teucros</span> <span class='ocrx_word' id='word_1_212' title='bbox 578 2478 635 2533; x_wconf 89' lang='lat' dir='ltr'>quid</span> <span class='ocrx_word' id='word_1_213' title='bbox 645 2479 757 2524; x_wconf 90' lang='lat' dir='ltr'>demoror</span> <span class='ocrx_word' id='word_1_214' title='bbox 767 2480 862 2526; x_wconf 82' lang='lat' dir='ltr'>armis?</span> 
     </span>
     <span class='ocr_line' id='line_1_33' title="bbox 190 2544 811 2603; baseline 0.003 -11"><span class='ocrx_word' id='word_1_215' title='bbox 190 2544 279 2595; x_wconf 85' lang='lat' dir='ltr'>Vadite</span> <span class='ocrx_word' id='word_1_216' title='bbox 288 2551 313 2596; x_wconf 87' lang='lat' dir='ltr'>et</span> <span class='ocrx_word' id='word_1_217' title='bbox 322 2549 381 2597; x_wconf 87' lang='lat' dir='ltr'>haec</span> <span class='ocrx_word' id='word_1_218' title='bbox 391 2562 507 2595; x_wconf 91' lang='lat' dir='ltr'>memores</span> <span class='ocrx_word' id='word_1_219' title='bbox 517 2545 568 2603; x_wconf 70' lang='lat' dir='ltr'>regi</span> <span class='ocrx_word' id='word_1_220' title='bbox 577 2546 694 2593; x_wconf 85' lang='lat' dir='ltr'>mandata</span> <span class='ocrx_word' id='word_1_221' title='bbox 703 2545 795 2593; x_wconf 83' lang='lat' dir='ltr'>referte</span> <span class='ocrx_word' id='word_1_222' title='bbox 806 2567 811 2594; x_wconf 88' lang='lat'>:</span> 
     </span>
    </p>
   </div>
   <div class='ocr_carea' id='block_1_3' title="bbox 238 2629 629 2732">
    <p class='ocr_par' dir='ltr' id='par_1_5' title="bbox 238 2629 629 2732">
     <span class='ocr_line' id='line_1_34' title="bbox 428 2629 629 2665; baseline -0.01 0"><span class='ocrx_word' id='word_1_223' title='bbox 428 2634 463 2665; x_wconf 76' lang='lat' dir='ltr'>ms.</span> <span class='ocrx_word' id='word_1_224' title='bbox 484 2639 501 2664; x_wconf 82' lang='lat' dir='ltr'>a.</span> <span class='ocrx_word' id='word_1_225' title='bbox 509 2629 522 2663; x_wconf 93' lang='lat' dir='ltr'>l.</span> <span class='ocrx_word' id='word_1_226' title='bbox 531 2629 629 2664; x_wconf 80' lang='lat' dir='ltr'>‘iuvaret’</span> 
     </span>
     <span class='ocr_line' id='line_1_35' title="bbox 238 2681 308 2732; baseline -0.014 -1"><span class='ocrx_word' id='word_1_227' title='bbox 238 2681 247 2730; x_wconf 90' lang='lat'>(</span> <span class='ocrx_word' id='word_1_228' title='bbox 257 2682 308 2732; x_wconf 84' lang='lat'><em>380)</em></span> 
     </span>
    </p>
   </div>
   <div class='ocr_carea' id='block_1_4' title="bbox 0 0 990 3164">
    <p class='ocr_par' dir='ltr' id='par_1_6' title="bbox 0 0 990 3164">
     <span class='ocr_line' id='line_1_36' title="bbox 0 0 990 3164; baseline 0 0"><span class='ocrx_word' id='word_1_229' title='bbox 0 0 990 3164; x_wconf 95' lang='lat' dir='ltr'> </span> 
     </span>
    </p>
   </div>
  </div>
 </body>
</html>
