1972 3164
366 178 389 218 P.
402 177 521 219 VERGILI
534 177 664 219 manem

176 289 282 333 quosque
291 289 374 323 means
383 275 518 324 infaustum
527 275 639 323 interluit
649 275 717 324 Allia
725 290 822 324 nomen:

177 358 250 400 quam
259 343 331 391 multi
341 342 429 400 Libyco
438 343 569 391 volvuntur
579 358 701 391 marmore
711 343 806 402 fluctus,

178 427 264 461 saevus
274 411 315 459 ubi
325 411 400 460 Orion
409 411 515 459 hibernis
525 412 638 459 conditur
647 412 721 460 undis
731 431 739 470 ;

129 505 168 545 7²0
177 482 217 530 vel
227 497 282 529 cum
292 481 341 529 sole
350 495 412 529 novo
422 480 509 528 densae
517 481 644 528 torrentur
653 481 745 529 aristae

178 552 223 599 aut
235 549 322 598 Hermi
331 564 416 606 eampo
425 551 469 596 aut
478 549 565 606 Lyciae
574 548 722 597 flaventibus
731 549 801 597 arvia

178 620 255 668 Scuta
264 619 352 666 sonunt
361 617 478 675 pulsuque
487 617 576 674 pedum
586 619 722 666 conterrita
730 617 809 666 tellus.

206 688 273 735 Hinc
283 687 499 744 Agamemnonius,
510 686 609 734 Troiani
617 687 724 734 nominis
735 685 816 742 hostis,

178 772 254 804 curru
265 755 345 812 iungit
354 755 475 803 Halaesus
484 769 556 811 equos
566 755 698 812 Turnoque
706 756 798 804 feroces

178 825 243 872 mille
252 825 318 880 rapit
327 824 437 882 populos,
446 825 546 871 vertunt
555 822 636 872 felicia
645 823 747 872 Baccho

178 893 285 941 Massica
298 893 338 949 qui
347 892 441 950 rasti-ts,
452 893 477 940 et
487 907 545 948 quos
555 892 585 939 de
594 892 696 940 collibus
706 892 765 941 ultis

178 961 289 1010 Aurunci
298 961 384 1009 misere
393 963 485 1019 patres,
496 960 649 1017 Sidicinaque
658 960 731 1008 iuxta

178 1045 297 1086 aequom
311 1029 398 1086 quique
408 1029 478 1078 Gales
487 1029 609 1086 linquunt,
620 1029 748 1086 amnisque
757 1025 835 1078 vadosi

179 1098 261 1146 accola
269 1098 395 1155 Vulturni,
407 1098 545 1154 pariterque
555 1097 679 1144 Saticulus
689 1113 765 1154 asper

131 1184 169 1221 7³0
180 1166 344 1222 Oscorumque
354 1181 448 1214 manus.
479 1166 578 1214 Teretes
588 1168 646 1213 sunt
656 1166 756 1223 aclydes
765 1165 812 1214 illis

179 1235 238 1292 tela,
249 1235 291 1282 sed
300 1234 359 1282 hacc
368 1233 434 1281 lento
443 1249 495 1282 mos
504 1236 542 1282 est
552 1236 637 1290 aptare
647 1235 746 1292 lupulo
755 1255 762 1293 ;

179 1304 262 1352 laevas
272 1304 354 1351 caetra
363 1304 435 1362 tegit,
445 1302 531 1351 falcati
540 1303 675 1351 comminus
685 1318 765 1351 enses.

207 1372 260 1420 Neo
269 1374 299 1419 tu
308 1371 454 1419 carminibus
463 1371 552 1419 nostr-ts
562 1371 669 1419 indictus
679 1371 767 1429 abibis,

180 1439 278 1495 Oebale,
289 1454 359 1494 quem
370 1454 497 1497 generasse
507 1439 582 1487 Telon
593 1439 724 1487 Sebethide
734 1437 848 1496 Nympha

115 1559 122 1568 ,
179 1508 268 1564 fertur,
280 1506 410 1555 Teleboum
421 1508 526 1564 Capreas
536 1522 591 1554 cum
600 1522 679 1565 regna
687 1509 794 1567 teneret,

179 1574 228 1622 iam
239 1575 328 1631 senior3
343 1575 427 1630 patriis
438 1575 537 1623 sednon
547 1576 572 1622 et
582 1575 645 1622 lilius
655 1576 723 1623 arvis

181 1646 309 1692 contentus
319 1643 368 1690 late
378 1643 427 1690 iam
437 1646 491 1691 tum
501 1644 591 1691 ditione
601 1644 729 1700 premebat

182 1714 305 1761 Sarrastes
315 1712 415 1767 populos
425 1714 450 1760 et
460 1727 520 1767 quae
529 1712 594 1770 rigat
603 1727 709 1768 aequora
719 1713 821 1770 Samus,

182 1783 268 1838 quique
289 1781 381 1827 Rufras
403 1780 567 1837 Batulumque
591 1781 678 1828 tenent
702 1782 777 1837 atque
800 1793 859 1828 arva

84 1904 88 1909 ¹
239 1849 374 1906 Celemnae,

134 1943 172 1980 7⁴0
182 1921 207 1967 et
217 1932 274 1974 quos
284 1917 409 1965 maliferae
419 1916 561 1972 despectant
570 1915 664 1964 moenia
674 1916 785 1965 Abellae.

183 1986 314 2034 Teutonico
327 1985 378 2032 ritu
387 1985 451 2032 soliti
461 1987 573 2041 torquere
583 1984 672 2032 cateias
682 2004 689 2041 3

182 2055 291 2112 tegmina
299 2054 365 2110 queis
375 2054 482 2109 capitum
491 2056 577 2110 raptus
588 2054 617 2100 de
627 2053 713 2101 subere
722 2055 815 2112 cortex,

182 2125 325 2178 aerataeque
335 2122 425 2169 micant
435 2122 524 2179 peltae,
532 2122 606 2169 micat
616 2135 701 2169 aereus
711 2122 784 2171 ensis.

211 2192 245 2238 Et
255 2193 280 2238 te
289 2192 412 2237 montosae
422 2190 508 2238 misere
517 2191 543 2237 in
553 2191 644 2246 proelia
653 2190 756 2249 Nersae,

183 2259 270 2315 Utens,
280 2259 399 2314 insignem
408 2258 475 2305 tama
485 2261 510 2306 et
519 2259 629 2306 felicibus
639 2258 727 2315 armis3

182 2327 281 2376 horrida
290 2328 418 2384 praecipue
428 2328 467 2374 cui
475 2343 535 2384 gens
545 2329 687 2383 assuetaque
697 2327 777 2374 multo
849 2324 852 2327 ’

183 2397 275 2442 venatu
283 2411 416 2453 nemorum,
427 2395 493 2443 duris
503 2395 638 2452 Aequicula
645 2394 746 2451 glaebis.

180 2461 281 2512 Armati
289 2466 380 2512 terram
390 2467 511 2523 exercent,
521 2479 660 2521 semperque
669 2466 780 2513 recentes

231 2530 303 2582 (290)
