1972 3164
455 171 477 210 P.
490 170 609 211 VERGILI
622 171 751 213 MARONIS

265 267 365 324 detinet,
375 267 502 315 iniandum
513 270 533 316 si
542 269 626 317 fallere
637 271 713 326 possit
722 285 837 319 amorem.

265 336 321 383 Non
331 339 430 392 coeptae
441 340 573 394 assurgunt
583 339 672 395 turres,
683 353 732 385 non
742 354 812 386 arma
820 339 935 389 iuventus

265 405 368 461 exercet,
379 405 493 460 portusve
504 407 547 452 aut
557 405 738 463 propugnacula
747 405 811 454 bello

265 473 321 519 tnta
331 475 419 528 parant
429 494 434 520 ι
450 473 555 528 pendent
565 488 638 529 opera
648 474 786 530 intemplo
795 475 923 534 minaeque

266 556 390 587 murorum
399 540 510 599 ingentes
520 543 669 597 aequataque
679 542 792 589 machina
801 544 877 592 caelo.

228 624 254 662 9⁰
294 606 372 662 Quam
382 605 453 652 simul
462 621 491 653 ac
500 606 545 652 tali
554 606 673 661 persensit
682 608 750 662 peste
759 608 839 654 teneri

265 689 323 720 cara
334 674 398 720 Iovis
408 673 520 730 coniunx,
530 688 574 721 nec
584 673 676 721 famam
685 674 781 722 obstare
788 674 875 734 furori,

263 742 354 789 talibus
363 742 505 799 aggreditur
515 743 634 790 Venerem
645 744 761 791 Saturnia
769 744 841 792 dictis
850 766 856 793 ι

265 809 271 831 ‘
280 810 410 867 Egregium
420 825 477 857 vero
486 810 583 858 landem
593 812 618 858 et
628 811 705 867 spolia
714 812 796 869 ampla
805 813 904 861 refertis

263 880 339 934 tuque
368 893 474 934 puerque
502 879 569 936 tuus,
594 894 709 936 magnum
734 882 760 927 et
786 882 941 930 memorabile

320 962 417 1004 numen,

263 1031 313 1062 una
323 1015 377 1062 dolo
386 1015 469 1062 divum
478 1015 499 1062 si
507 1015 599 1063 femina
608 1017 673 1065 victu
682 1018 784 1065 duorum
794 1019 840 1066 est.

263 1084 316 1132 Nec
325 1101 363 1132 me
373 1085 433 1132 odeo
442 1083 507 1131 fallit
516 1085 619 1132 veritam
629 1088 654 1133 te
663 1086 758 1133 moenia
767 1088 853 1134 nostru

264 1155 387 1210 suspectas
396 1152 508 1201 habuisse
518 1153 599 1200 ‹lomos
609 1154 763 1211 Carthaginis
773 1154 847 1203 altae.
948 1199 949 1202 ,

265 1223 312 1270 Sed
321 1223 373 1279 quis
383 1221 430 1268 erit
439 1221 532 1279 modus,
540 1223 583 1269 aut
589 1237 636 1278 quo
645 1238 710 1270 nunc
717 1223 850 1271 certamine
855 1225 938 1272 tanto?

265 1290 328 1348 Quin
338 1289 418 1346 potius
427 1303 510 1345 pacem
520 1292 645 1338 aeternam
654 1292 784 1346 pactosque
793 1291 939 1347 hymenaeos

216 1381 252 1408 100
264 1361 417 1409 exercemus?
445 1357 527 1414 habes,
537 1360 592 1405 tota
601 1358 665 1414 quod
674 1360 755 1406 mente
764 1359 848 1414 petisti
857 1381 862 1407 :

263 1430 333 1477 ardet
342 1442 426 1476 amans
436 1426 500 1473 Dido
509 1427 631 1483 traxitoue
640 1442 683 1482 per
692 1441 747 1474 ossa
755 1426 872 1475 furorem.

264 1499 420 1547 Communem
439 1495 504 1542 hunc
522 1509 580 1552 ergo
598 1496 715 1552 populum
734 1495 880 1552 paribusque
900 1511 937 1544 re-

318 1580 404 1624 gamus

263 1636 383 1691 auspiciis,
394 1635 466 1683 liceat
476 1633 581 1690 Phrygio
591 1632 681 1680 servire
691 1631 788 1688 marito,

263 1703 400 1758 dotalesque
409 1703 467 1750 tuae
477 1702 562 1758 Tyrios
571 1701 712 1757 permittere
722 1699 838 1747 dextrae!

290 1770 338 1819 Olli
348 1771 432 1829 (sensit
442 1771 505 1818 enim
516 1770 629 1817 simulata
639 1770 720 1815 mente
729 1769 844 1824 locutam,

261 1855 308 1896 quo
317 1855 419 1896 regnum
429 1839 516 1887 Italiae
526 1838 627 1894 Libycas
638 1839 758 1884 averteret
768 1835 832 1892 oras)

261 1909 295 1956 sic
306 1910 391 1955 contra
400 1908 437 1954 est
446 1908 555 1964 ingressa
564 1907 646 1954 Venus
656 1926 661 1952 ε
677 1905 749 1961 ‘Quis
758 1904 819 1951 talia
829 1903 927 1952 demens

261 1977 361 2032 abnuat,
372 1978 416 2023 eut
425 1978 506 2023 tecum
516 1974 586 2022 malit
597 1973 741 2021 contendere
749 1972 822 2029 bello,

261 2044 361 2093 simodo
371 2043 434 2101 quod
443 2058 561 2091 memoras
571 2043 664 2089 factum
674 2041 775 2088 fortuna
784 2042 916 2097 sequatur?

213 2134 250 2161 110
262 2114 309 2161 Sed
319 2113 377 2160 fatis
387 2112 480 2159 incerta
489 2111 555 2157 feror
562 2111 583 2157 si
593 2109 704 2165 Iuppiter
712 2124 787 2155 unam

260 2198 311 2230 esee
319 2182 377 2229 velit
387 2181 466 2237 Tyriis
476 2179 560 2225 urbem
571 2178 688 2232 Troiaque
697 2175 821 2233 profectis,

260 2250 383 2299 miscerive
393 2248 479 2305 probet
488 2246 589 2302 populos
598 2247 642 2292 aut
652 2244 751 2292 foedera
759 2244 835 2300 iungi.

260 2319 299 2366 Tu
309 2318 421 2374 coniunx,
431 2315 476 2363 tibi
485 2315 523 2361 fas
533 2313 640 2360 animum
650 2314 771 2369 temptare
781 2311 902 2368 precando

260 2387 350 2444 Perge:
365 2383 467 2441 sequar!
498 2383 561 2429 Tum
572 2381 605 2430 sic
615 2381 709 2437 excepit
718 2380 786 2439 regis
795 2381 873 2428 Iuno:

501 2479 526 2511 ol.
548 2485 565 2510 a.
574 2475 588 2510 1.
596 2474 690 2510 ‘nomeu'

307 2531 316 2580 (
325 2532 376 2580 190)
