1972 3164
443 148 555 189 AENEIS.
580 150 590 188 I

132 259 169 295 730
179 260 195 291 a
204 245 265 292 Belo
275 245 356 302 soliti;
369 244 423 294 tum
433 246 502 294 foetu
511 247 609 294 silentia
617 240 704 295 teetis':

180 312 186 333 ‘
195 313 313 370 Iuppiter,
323 313 459 369 hospitibus
468 330 526 361 nam
535 315 560 361 te
570 314 627 362 dare
636 314 692 361 iura
701 314 845 374 loquuntur,

179 381 244 428 huno
254 380 346 429 laetum
356 381 480 438 Tyriisque
490 382 553 429 diem
563 381 681 437 Troiaque
691 382 808 437 profectis

179 464 230 496 esse
240 449 307 507 velis,
319 451 460 504 nostrosque
469 449 540 496 huius
550 449 688 496 meminisse
698 449 811 498 minores.

180 516 252 563 Adsit
261 516 368 568 laetitiae
377 517 488 564 Bacchus
498 517 569 564 dator
578 518 603 564 et
612 517 677 563 bona
686 517 763 574 Iuno;

180 588 205 632 ot
213 601 254 633 voe
264 601 278 633 o
288 587 390 642 ooetum,
402 585 477 644 Tyrii,
488 586 607 634 celebrato
616 586 744 633 faventes?

181 654 259 711 Dixit,
269 656 295 702 et
304 654 330 701 in
339 669 447 701 mensam
455 655 556 702 leticum
566 654 652 701 libavit
662 654 786 711 honorem,

180 722 312 779 primaque,
323 722 406 779 libato,
417 738 511 770 summo
519 724 591 769 tenus
601 722 685 778 attigit
695 737 736 769 ore
747 742 752 777 ;

180 791 234 836 tum
241 791 325 841 Bitiae
335 790 401 837 dedit
410 790 557 846 increpitans
569 809 575 846 ;
589 790 630 837 ille
639 790 743 846 impiger
752 790 835 837 hausit

182 859 335 913 spumantem
345 859 454 914 pateram
464 860 488 905 et
496 857 567 913 pleno
577 873 602 905 se
612 857 704 914 proluit
713 873 788 915 eur03

134 941 171 979 740
182 929 237 983 post
247 927 287 973 elii
297 941 414 983 proceres.
446 927 547 974 Cithara
555 925 657 973 crinitus
667 925 741 980 Iopas

182 998 295 1050 personet
305 999 401 1052 aurata,
412 995 493 1042 docuit
503 1009 573 1051 quem
583 993 703 1040 maximus
712 992 793 1038 Atlas.

182 1063 231 1109 Hic
241 1063 306 1110 canit
315 1064 439 1110 errantem
448 1063 532 1109 lunam
542 1061 644 1116 solisque
653 1060 757 1116 labores,

182 1127 246 1174 unde
263 1126 388 1174 hominum
404 1142 481 1183 genus
498 1127 524 1174 et
538 1126 649 1183 pecudes,
664 1126 729 1173 unde
742 1125 821 1173 imber
835 1127 859 1173 et

237 1207 313 1248 unes,

184 1261 318 1308 Arcturum
328 1260 469 1316 pluviasque
479 1260 579 1316 Hyadas
589 1259 743 1316 geminosque
751 1258 860 1314 Triones,

184 1329 242 1384 quid
251 1331 349 1375 tantum
359 1328 455 1376 Ooeeno
468 1329 599 1385 properent
609 1342 634 1374 se
643 1327 738 1384 tingere
748 1327 810 1374 soles

183 1398 285 1454 hiberni,
296 1397 335 1444 vel
345 1412 405 1452 quae
414 1397 492 1444 tardis
501 1412 570 1444 mora
578 1395 689 1443 noctibus
700 1395 788 1442 obstet.

184 1466 339 1522 Ingeminant
348 1466 436 1522 plausu
446 1465 520 1522 Tyrii,
532 1465 652 1520 Troesque
660 1464 803 1519 sequuntur.

184 1535 236 1582 Neo
246 1550 294 1581 non
302 1535 327 1581 et
336 1533 403 1580 vario
412 1535 508 1581 noetem
518 1547 627 1580 sermone
636 1531 750 1578 trahebat

183 1603 269 1649 infelix
279 1602 351 1658 Dido,
361 1603 506 1659 longumque
516 1600 613 1648 bibebat
623 1615 739 1656 amorem,

138 1687 174 1725 750
185 1671 263 1717 multa
272 1687 344 1726 super
350 1671 447 1717 Priamo
452 1669 571 1726 rogitans,
579 1684 652 1724 super
660 1669 767 1714 Hectore
773 1665 859 1722 multu,

184 1755 257 1795 nune,
268 1739 353 1794 quibus
363 1739 474 1786 Aurorae
484 1739 589 1785 venisset
598 1737 663 1783 filius
673 1736 756 1793 armis,

184 1807 344 1865 nuno‚quules
352 1807 475 1855 Diomedis
481 1806 544 1863 equi,
551 1821 624 1862 nune,
632 1807 738 1861 quantus
744 1802 859 1850 Achilles.

185 1876 279 1923 ‘Immo
288 1892 341 1933 ege,
351 1877 377 1922 et
387 1891 402 1922 a
411 1875 491 1930 prima
500 1875 545 1932 die,
555 1875 649 1929 hospes,
660 1872 752 1929 origine
762 1871 831 1918 nobis

184 1944 296 1991 insidias'
307 1944 386 2000 inquit
397 1943 534 1999 ‘Danaum
545 1957 660 1997 casusque
670 1942 778 1996 tuorum,

185 2028 323 2068 erroresque
333 2013 396 2059 tuos.
427 2011 492 2057 Nam
502 2013 527 2058 te
537 2011 585 2057 iam
595 2009 699 2064 septima
708 2009 791 2064 portat

185 2081 295 2127 omnibus
305 2081 428 2128 errantem
437 2079 510 2126 terris
520 2082 545 2126 ot
555 2078 668 2127 fluetibus
678 2076 775 2124 aestus!
