1972 3164
521 119 543 158 Ρ.
557 118 676 159 VERGILI
688 119 818 159 MARONIS

329 213 368 262 Sic
378 213 414 262 ait
427 213 584 271 adductisque
594 229 676 263 umens
687 214 799 263 subsistit
809 214 920 264 habenis.

329 285 410 340 Atque
419 283 483 340 hulc,
494 284 519 330 in
529 284 616 331 faciem
626 299 694 332 soror
703 285 731 331 ut
742 299 859 330 conversa
866 284 965 334 Metisci

328 352 427 409 aurigae
438 368 582 408 currumque
592 355 617 400 et
626 367 698 408 equos
708 355 733 400 et
742 352 796 399 lore
804 353 917 409 regebat,
960 385 962 388 ψ

328 421 419 467 talibus
428 421 533 468 occurrit
543 421 627 468 dictis:
643 420 722 478 ‘Huc
733 421 825 478 Turne,
836 436 969 476 sequemur

329 488 486 545 Troiugenas,
496 504 544 544 que
552 489 631 545 primu
639 489 703 536 viem
712 489 815 536 victoria
824 490 912 545 pendit
922 511 927 538 :

330 559 387 604 sunt
397 557 446 614 ulii,
456 557 497 612 qui
506 559 572 604 tecta
583 573 657 604 manu
667 557 795 604 defendere
804 556 910 612 possint.

329 625 426 681 Ingruit
436 624 530 672 Aeneas
541 625 610 672 Itulis
619 627 645 672 et
654 625 746 680 proelia
755 625 841 672 miscet
852 645 858 671 ι

329 696 354 740 et
363 708 407 740 nos
418 708 490 740 saeve
498 708 572 739 manu
581 693 708 739 mittemus
719 693 807 738 funere
817 693 929 740 Teucris.

281 765 319 813 630
329 762 381 808 Nee
390 776 492 808 numero
500 761 599 808 inferior
608 776 705 818 pugnae
715 775 759 808 nec
768 760 859 808 honore
870 762 980 809 recedes.

330 831 428 877 Turnus
439 829 553 877 adhaec:

329 898 336 918 ‘
346 898 367 945 O
377 913 452 953 soror,
463 899 488 943 et
498 897 588 944 dudum
598 897 694 953 cgnovi,
705 912 760 944 cum
773 897 853 953 prime
864 913 911 952 per
921 899 986 944 erte

329 965 427 1012 foedere
435 964 541 1011 turbasti
550 967 622 1020 teque
632 965 691 1012 heec
702 965 728 1011 in
736 965 802 1012 bellu
812 964 913 1021 dedisti,

329 1036 355 1081 et
364 1048 430 1080 nunc
439 1033 583 1088 nequiquam
593 1033 659 1079 fellis
669 1033 722 1080 dee.
753 1033 801 1080 Sed
811 1033 865 1088 quis
877 1033 985 1090 Olympo

330 1102 457 1149 demissum
468 1103 551 1148 tentos
561 1101 638 1148 voluit
647 1103 673 1148 te
682 1101 746 1148 ferre
755 1101 849 1148 labores
858 1103 869 1148 i

330 1186 362 1217 sn
372 1170 457 1217 fratris
467 1169 548 1217 miseri
556 1169 633 1216 letum
643 1171 672 1216 ut
682 1168 778 1216 crudele
788 1168 885 1215 videres
895 1172 906 1216 f

330 1254 388 1286 nem
406 1238 464 1293 quid
482 1240 543 1294 ego?
570 1240 614 1285 eut
629 1252 690 1292 quee
707 1237 756 1284 iem
775 1237 881 1293 spondet
899 1237 975 1285 Fert

387 1307 510 1353 salutem?

330 1374 389 1423 Vidi
397 1374 478 1422 oculos
488 1377 545 1420 unte
555 1373 606 1429 ipse
616 1389 681 1421 meos
691 1388 729 1420 me
738 1387 796 1421 voce
806 1375 940 1421 vocantem

330 1444 485 1498 Murranum,
495 1457 543 1498 quo
552 1457 601 1489 non
612 1444 713 1498 superet
723 1442 781 1488 mihi
791 1441 871 1489 carior
881 1442 957 1500 ulter,

282 1515 320 1564 640
330 1512 444 1567 oppetere
453 1511 575 1568 ingentem
585 1513 658 1566 etque
667 1510 761 1566 ingenti
769 1510 871 1557 vulnere
880 1510 978 1558 victum

330 1579 426 1627 Occidit
435 1578 520 1626 infelix
529 1581 640 1626 nostrum
650 1594 681 1625 ne
690 1579 793 1626 dedecus
803 1578 884 1626 Ufens

330 1647 447 1703 aspiceret
456 1666 463 1704 ;
478 1647 567 1695 Teucri
576 1647 704 1703 potiuntur
715 1662 814 1703 corpere
824 1649 849 1693 et
860 1647 946 1694 armis.

330 1715 476 1762 Exscindine
485 1715 566 1760 domos
577 1715 610 1771 (id
620 1715 691 1761 rebus
701 1715 780 1761 defuit
789 1714 876 1770 unum)

329 1782 459 1838 perpetiar,
470 1781 556 1828 dextre
565 1797 609 1828 nec
619 1783 724 1829 Drancis
735 1782 800 1829 dicta
808 1783 922 1830 refellam
932 1785 944 1830 f

329 1852 410 1908 Terga
433 1850 495 1896 dabo
517 1851 542 1896 et
564 1850 675 1896 Turnum
699 1851 834 1908 fugientem
859 1851 921 1898 hcec
946 1853 973 1899 te

385 1918 494 1966 videbit?

329 1990 412 2046 Usque
430 1988 520 2035 adeone
539 1986 601 2034 mori
624 1987 738 2034 miserum
762 1989 818 2034 est?
847 2003 890 2034 ves
914 2004 930 2034 0
956 2004 981 2034 m

386 2059 472 2105 Manes

331 2128 383 2174 este
393 2126 458 2182 boni,
469 2124 582 2180 quoniam
593 2124 691 2179 Superis
701 2139 786 2172 eversa
795 2123 927 2171 voluntas.
922 2128 926 2158 ¹

330 2195 405 2242 Senot
395 2198 421 2242 te
431 2195 462 2242 ed
472 2209 513 2240 vos
523 2193 605 2239 anime
615 2195 640 2238 at
632 2207 687 2247 que
696 2192 782 2238 istius'
776 2191 853 2238 mscie
863 2192 953 2271 culpae
