<?xml version="1.0" encoding="UTF-8"?>
<!DOCTYPE html PUBLIC "-//W3C//DTD XHTML 1.0 Transitional//EN"
    "http://www.w3.org/TR/xhtml1/DTD/xhtml1-transitional.dtd">
<html xmlns="http://www.w3.org/1999/xhtml" xml:lang="en" lang="en">
 <head>
  <title>
</title>
<meta http-equiv="Content-Type" content="text/html;charset=utf-8" />
  <meta name='ocr-system' content='tesseract 3.04.00' />
  <meta name='ocr-capabilities' content='ocr_page ocr_carea ocr_par ocr_line ocrx_word'/>
</head>
<body>
  <div class='ocr_page' id='page_1' title='image "./pvergilimaronis07virggoog/pvergilimaronis07virggoog_0269.png"; bbox 0 0 1972 3164; ppageno 0'>
   <div class='ocr_carea' id='block_1_1' title="bbox 450 158 748 199">
    <p class='ocr_par' dir='ltr' id='par_1_1' title="bbox 450 158 748 199">
     <span class='ocr_line' id='line_1_1' title="bbox 450 158 748 199; baseline 0.007 -2"><span class='ocrx_word' id='word_1_1' title='bbox 450 159 472 198; x_wconf 88' lang='lat' dir='ltr'>P.</span> <span class='ocrx_word' id='word_1_2' title='bbox 486 158 607 198; x_wconf 83' lang='lat' dir='ltr'>VERGILI</span> <span class='ocrx_word' id='word_1_3' title='bbox 620 158 748 199; x_wconf 81' lang='lat' dir='ltr'>MARONIS</span> 
     </span>
    </p>
   </div>
   <div class='ocr_carea' id='block_1_2' title="bbox 211 252 942 2429">
    <p class='ocr_par' dir='ltr' id='par_1_2' title="bbox 211 252 942 2429">
     <span class='ocr_line' id='line_1_2' title="bbox 259 252 911 312; baseline 0.006 -12"><span class='ocrx_word' id='word_1_4' title='bbox 259 255 330 309; x_wconf 86' lang='lat' dir='ltr'>Isque</span> <span class='ocrx_word' id='word_1_5' title='bbox 339 252 382 301; x_wconf 91' lang='lat' dir='ltr'>ubi</span> <span class='ocrx_word' id='word_1_6' title='bbox 390 255 530 303; x_wconf 83' lang='lat' dir='ltr'>tendentem</span> <span class='ocrx_word' id='word_1_7' title='bbox 538 255 667 302; x_wconf 85' lang='lat' dir='ltr'>adversum</span> <span class='ocrx_word' id='word_1_8' title='bbox 677 271 721 311; x_wconf 90' lang='lat' dir='ltr'>per</span> <span class='ocrx_word' id='word_1_9' title='bbox 729 255 840 312; x_wconf 76' lang='lat' dir='ltr'>gramina</span> <span class='ocrx_word' id='word_1_10' title='bbox 849 256 911 304; x_wconf 76' lang='lat' dir='ltr'>vidit</span> 
     </span>
     <span class='ocr_line' id='line_1_3' title="bbox 259 322 811 381; baseline 0.004 -12"><span class='ocrx_word' id='word_1_11' title='bbox 259 323 367 380; x_wconf 82' lang='lat' dir='ltr'><strong>Aenean,</strong></span> <span class='ocrx_word' id='word_1_12' title='bbox 377 322 464 371; x_wconf 83' lang='lat' dir='ltr'>alacris</span> <span class='ocrx_word' id='word_1_13' title='bbox 473 323 566 380; x_wconf 85' lang='lat' dir='ltr'>palmas</span> <span class='ocrx_word' id='word_1_14' title='bbox 575 324 690 379; x_wconf 88' lang='lat' dir='ltr'>utrasque</span> <span class='ocrx_word' id='word_1_15' title='bbox 699 323 811 381; x_wconf 85' lang='lat' dir='ltr'>tetendit,</span> 
     </span>
     <span class='ocr_line' id='line_1_4' title="bbox 259 391 846 448; baseline 0.002 -9"><span class='ocrx_word' id='word_1_16' title='bbox 259 391 397 448; x_wconf 76' lang='lat' dir='ltr'>effusaeque</span> <span class='ocrx_word' id='word_1_17' title='bbox 405 391 473 448; x_wconf 61' lang='lat' dir='ltr'>gena</span> <span class='ocrx_word' id='word_1_18' title='bbox 482 391 594 440; x_wconf 87' lang='lat' dir='ltr'>lacrimae</span> <span class='ocrx_word' id='word_1_19' title='bbox 603 393 629 439; x_wconf 91' lang='lat' dir='ltr'>et</span> <span class='ocrx_word' id='word_1_20' title='bbox 638 407 685 439; x_wconf 87' lang='lat' dir='ltr'>vox</span> <span class='ocrx_word' id='word_1_21' title='bbox 693 392 781 440; x_wconf 88' lang='lat' dir='ltr'>excidit</span> <span class='ocrx_word' id='word_1_22' title='bbox 790 407 831 440; x_wconf 85' lang='lat' dir='ltr'>cre</span> <span class='ocrx_word' id='word_1_23' title='bbox 841 414 846 440; x_wconf 76' lang='grc' dir='ltr'><strong>ι</strong></span> 
     </span>
     <span class='ocr_line' id='line_1_5' title="bbox 259 460 837 516; baseline 0.002 -9"><span class='ocrx_word' id='word_1_24' title='bbox 259 461 265 482; x_wconf 92' lang='lat'>‘</span> <span class='ocrx_word' id='word_1_25' title='bbox 275 460 370 508; x_wconf 82' lang='lat' dir='ltr'>Venisti</span> <span class='ocrx_word' id='word_1_26' title='bbox 379 460 485 516; x_wconf 70' lang='lat' dir='ltr'>tandeim</span> <span class='ocrx_word' id='word_1_27' title='bbox 495 461 585 516; x_wconf 89' lang='lat' dir='ltr'>tuaque</span> <span class='ocrx_word' id='word_1_28' title='bbox 594 461 734 516; x_wconf 85' lang='lat' dir='ltr'>exspectata</span> <span class='ocrx_word' id='word_1_29' title='bbox 742 461 837 516; x_wconf 88' lang='lat' dir='ltr'>parenti</span> 
     </span>
     <span class='ocr_line' id='line_1_6' title="bbox 259 528 808 586; baseline -0.002 -10"><span class='ocrx_word' id='word_1_30' title='bbox 259 529 318 576; x_wconf 84' lang='lat' dir='ltr'>vicit</span> <span class='ocrx_word' id='word_1_31' title='bbox 326 529 374 576; x_wconf 90' lang='lat' dir='ltr'>iter</span> <span class='ocrx_word' id='word_1_32' title='bbox 383 529 471 575; x_wconf 86' lang='lat' dir='ltr'>durum</span> <span class='ocrx_word' id='word_1_33' title='bbox 480 528 575 585; x_wconf 80' lang='lat' dir='ltr'>pietas?</span> <span class='ocrx_word' id='word_1_34' title='bbox 603 529 677 575; x_wconf 86' lang='lat' dir='ltr'>datur</span> <span class='ocrx_word' id='word_1_35' title='bbox 684 543 728 576; x_wconf 86' lang='lat' dir='ltr'>cra</span> <span class='ocrx_word' id='word_1_36' title='bbox 736 529 808 586; x_wconf 89' lang='lat' dir='ltr'>tueri,</span> 
     </span>
     <span class='ocr_line' id='line_1_7' title="bbox 259 596 825 654; baseline 0 -10"><span class='ocrx_word' id='word_1_37' title='bbox 259 599 325 654; x_wconf 86' lang='lat' dir='ltr'>uate,</span> <span class='ocrx_word' id='word_1_38' title='bbox 335 598 380 643; x_wconf 91' lang='lat' dir='ltr'>tua</span> <span class='ocrx_word' id='word_1_39' title='bbox 389 597 414 645; x_wconf 89' lang='lat' dir='ltr'>et</span> <span class='ocrx_word' id='word_1_40' title='bbox 423 598 493 644; x_wconf 89' lang='lat' dir='ltr'>notas</span> <span class='ocrx_word' id='word_1_41' title='bbox 503 597 586 644; x_wconf 89' lang='lat' dir='ltr'>audire</span> <span class='ocrx_word' id='word_1_42' title='bbox 596 598 622 644; x_wconf 91' lang='lat' dir='ltr'>et</span> <span class='ocrx_word' id='word_1_43' title='bbox 630 596 730 644; x_wconf 87' lang='lat' dir='ltr'>reddere</span> <span class='ocrx_word' id='word_1_44' title='bbox 739 600 825 644; x_wconf 78' lang='lat' dir='ltr'>voces?</span> 
     </span>
     <span class='ocr_line' id='line_1_8' title="bbox 211 664 888 721; baseline -0.001 -7"><span class='ocrx_word' id='word_1_45' title='bbox 211 666 249 714; x_wconf 84' lang='lat'>⁶90</span> <span class='ocrx_word' id='word_1_46' title='bbox 261 666 300 714; x_wconf 82' lang='lat' dir='ltr'>Sic</span> <span class='ocrx_word' id='word_1_47' title='bbox 309 665 418 721; x_wconf 77' lang='lat' dir='ltr'>equidem</span> <span class='ocrx_word' id='word_1_48' title='bbox 429 665 547 712; x_wconf 76' lang='lat' dir='ltr'>ducebam</span> <span class='ocrx_word' id='word_1_49' title='bbox 557 665 639 713; x_wconf 87' lang='lat' dir='ltr'>animo</span> <span class='ocrx_word' id='word_1_50' title='bbox 648 665 765 720; x_wconf 76' lang='lat' dir='ltr'>rebarque</span> <span class='ocrx_word' id='word_1_51' title='bbox 775 664 888 713; x_wconf 86' lang='lat' dir='ltr'>futurum</span> 
     </span>
     <span class='ocr_line' id='line_1_9' title="bbox 259 734 886 792; baseline 0 -10"><span class='ocrx_word' id='word_1_52' title='bbox 259 736 371 789; x_wconf 82' lang='lat' dir='ltr'>tempora</span> <span class='ocrx_word' id='word_1_53' title='bbox 381 734 546 792; x_wconf 81' lang='lat' dir='ltr'>dinumerans,</span> <span class='ocrx_word' id='word_1_54' title='bbox 556 749 601 781; x_wconf 90' lang='lat' dir='ltr'>nec</span> <span class='ocrx_word' id='word_1_55' title='bbox 610 749 649 781; x_wconf 93' lang='lat' dir='ltr'>me</span> <span class='ocrx_word' id='word_1_56' title='bbox 658 749 713 781; x_wconf 88' lang='lat' dir='ltr'>mea</span> <span class='ocrx_word' id='word_1_57' title='bbox 722 749 781 781; x_wconf 88' lang='lat' dir='ltr'>cura</span> <span class='ocrx_word' id='word_1_58' title='bbox 790 734 886 782; x_wconf 72' lang='lat' dir='ltr'>fefellit.</span> 
     </span>
     <span class='ocr_line' id='line_1_10' title="bbox 261 802 913 861; baseline -0.003 -11"><span class='ocrx_word' id='word_1_59' title='bbox 261 802 326 859; x_wconf 78' lang='lat' dir='ltr'>Quas</span> <span class='ocrx_word' id='word_1_60' title='bbox 334 817 379 861; x_wconf 83' lang='lat' dir='ltr'>ego</span> <span class='ocrx_word' id='word_1_61' title='bbox 389 804 414 850; x_wconf 92' lang='lat' dir='ltr'>te</span> <span class='ocrx_word' id='word_1_62' title='bbox 424 804 504 850; x_wconf 88' lang='lat' dir='ltr'>terras</span> <span class='ocrx_word' id='word_1_63' title='bbox 513 805 539 850; x_wconf 90' lang='lat' dir='ltr'>et</span> <span class='ocrx_word' id='word_1_64' title='bbox 549 804 641 858; x_wconf 85' lang='lat' dir='ltr'>quanta</span> <span class='ocrx_word' id='word_1_65' title='bbox 651 817 694 858; x_wconf 89' lang='lat' dir='ltr'>per</span> <span class='ocrx_word' id='word_1_66' title='bbox 703 817 807 858; x_wconf 86' lang='lat' dir='ltr'>aequora</span> <span class='ocrx_word' id='word_1_67' title='bbox 816 805 913 849; x_wconf 87' lang='lat' dir='ltr'>vectum</span> 
     </span>
     <span class='ocr_line' id='line_1_11' title="bbox 259 870 801 928; baseline -0.002 -9"><span class='ocrx_word' id='word_1_68' title='bbox 259 871 358 928; x_wconf 86' lang='lat' dir='ltr'>accipio,</span> <span class='ocrx_word' id='word_1_69' title='bbox 369 871 467 927; x_wconf 89' lang='lat' dir='ltr'>quantis</span> <span class='ocrx_word' id='word_1_70' title='bbox 476 871 606 928; x_wconf 87' lang='lat' dir='ltr'>iactatum,</span> <span class='ocrx_word' id='word_1_71' title='bbox 616 872 683 928; x_wconf 88' lang='lat' dir='ltr'>nate,</span> <span class='ocrx_word' id='word_1_72' title='bbox 693 870 801 926; x_wconf 85' lang='lat' dir='ltr'>periclis!</span> 
     </span>
     <span class='ocr_line' id='line_1_12' title="bbox 261 939 939 997; baseline -0.003 -10"><span class='ocrx_word' id='word_1_73' title='bbox 261 940 339 997; x_wconf 79' lang='lat' dir='ltr'>Quam</span> <span class='ocrx_word' id='word_1_74' title='bbox 348 940 434 996; x_wconf 88' lang='lat' dir='ltr'>metui,</span> <span class='ocrx_word' id='word_1_75' title='bbox 444 954 475 986; x_wconf 89' lang='lat' dir='ltr'>ne</span> <span class='ocrx_word' id='word_1_76' title='bbox 485 939 544 995; x_wconf 88' lang='lat' dir='ltr'>quid</span> <span class='ocrx_word' id='word_1_77' title='bbox 553 939 645 996; x_wconf 83' lang='lat' dir='ltr'>Libyae</span> <span class='ocrx_word' id='word_1_78' title='bbox 654 939 700 986; x_wconf 90' lang='lat' dir='ltr'>tibi</span> <span class='ocrx_word' id='word_1_79' title='bbox 708 954 785 995; x_wconf 79' lang='lat' dir='ltr'>regma</span> <span class='ocrx_word' id='word_1_80' title='bbox 795 942 924 987; x_wconf 89' lang='lat' dir='ltr'>nocerent!</span> <span class='ocrx_word' id='word_1_81' title='bbox 934 940 939 959; x_wconf 90' lang='lat'>’</span> 
     </span>
     <span class='ocr_line' id='line_1_13' title="bbox 260 1006 884 1065; baseline -0.002 -11"><span class='ocrx_word' id='word_1_82' title='bbox 260 1008 305 1055; x_wconf 83' lang='lat' dir='ltr'>Ine</span> <span class='ocrx_word' id='word_1_83' title='bbox 315 1008 397 1056; x_wconf 88' lang='lat' dir='ltr'>autem</span> <span class='ocrx_word' id='word_1_84' title='bbox 409 1008 415 1030; x_wconf 91' lang='lat'>‘</span> <span class='ocrx_word' id='word_1_85' title='bbox 428 1009 482 1055; x_wconf 79' lang='lat' dir='ltr'>Tua</span> <span class='ocrx_word' id='word_1_86' title='bbox 491 1022 537 1065; x_wconf 91' lang='lat' dir='ltr'>me,</span> <span class='ocrx_word' id='word_1_87' title='bbox 547 1008 652 1064; x_wconf 84' lang='lat' dir='ltr'>genitor,</span> <span class='ocrx_word' id='word_1_88' title='bbox 662 1008 707 1054; x_wconf 91' lang='lat' dir='ltr'>tua</span> <span class='ocrx_word' id='word_1_89' title='bbox 715 1007 794 1054; x_wconf 86' lang='lat' dir='ltr'>tristis</span> <span class='ocrx_word' id='word_1_90' title='bbox 803 1006 884 1064; x_wconf 76' lang='lat' dir='ltr'>imago</span> 
     </span>
     <span class='ocr_line' id='line_1_14' title="bbox 260 1075 872 1132; baseline -0.003 -8"><span class='ocrx_word' id='word_1_91' title='bbox 260 1076 356 1132; x_wconf 84' lang='lat' dir='ltr'>saepius</span> <span class='ocrx_word' id='word_1_92' title='bbox 365 1091 493 1125; x_wconf 85' lang='lat' dir='ltr'>occurrens</span> <span class='ocrx_word' id='word_1_93' title='bbox 502 1076 562 1123; x_wconf 88' lang='lat' dir='ltr'>haec</span> <span class='ocrx_word' id='word_1_94' title='bbox 571 1075 657 1123; x_wconf 90' lang='lat' dir='ltr'>limina</span> <span class='ocrx_word' id='word_1_95' title='bbox 665 1075 765 1122; x_wconf 87' lang='lat' dir='ltr'>tendere</span> <span class='ocrx_word' id='word_1_96' title='bbox 774 1075 857 1132; x_wconf 81' lang='lat' dir='ltr'>adegit</span> <span class='ocrx_word' id='word_1_97' title='bbox 866 1095 872 1131; x_wconf 89' lang='lat'>;</span> 
     </span>
     <span class='ocr_line' id='line_1_15' title="bbox 261 1143 941 1202; baseline -0.003 -10"><span class='ocrx_word' id='word_1_98' title='bbox 261 1147 329 1193; x_wconf 89' lang='lat' dir='ltr'>stant</span> <span class='ocrx_word' id='word_1_99' title='bbox 339 1145 388 1193; x_wconf 87' lang='lat' dir='ltr'>sale</span> <span class='ocrx_word' id='word_1_100' title='bbox 398 1145 526 1202; x_wconf 81' lang='lat' dir='ltr'>Tyrrheno</span> <span class='ocrx_word' id='word_1_101' title='bbox 536 1143 632 1192; x_wconf 79' lang='lat' dir='ltr'>classes.</span> <span class='ocrx_word' id='word_1_102' title='bbox 663 1143 704 1190; x_wconf 89' lang='lat' dir='ltr'>Da</span> <span class='ocrx_word' id='word_1_103' title='bbox 710 1143 810 1200; x_wconf 74' lang='lat' dir='ltr'>iungere</span> <span class='ocrx_word' id='word_1_104' title='bbox 819 1143 941 1202; x_wconf 79' lang='lat' dir='ltr'>dextram,</span> 
     </span>
     <span class='ocr_line' id='line_1_16' title="bbox 260 1210 900 1271; baseline -0.006 -10"><span class='ocrx_word' id='word_1_105' title='bbox 260 1214 300 1271; x_wconf 87' lang='lat' dir='ltr'>da,</span> <span class='ocrx_word' id='word_1_106' title='bbox 310 1214 413 1271; x_wconf 80' lang='lat' dir='ltr'>genitor,</span> <span class='ocrx_word' id='word_1_107' title='bbox 423 1215 496 1269; x_wconf 64' lang='lat' dir='ltr'>timue</span> <span class='ocrx_word' id='word_1_108' title='bbox 505 1211 618 1268; x_wconf 85' lang='lat' dir='ltr'>amplexu</span> <span class='ocrx_word' id='word_1_109' title='bbox 632 1226 663 1258; x_wconf 91' lang='lat' dir='ltr'>ne</span> <span class='ocrx_word' id='word_1_110' title='bbox 672 1210 788 1258; x_wconf 86' lang='lat' dir='ltr'>subtrahe</span> <span class='ocrx_word' id='word_1_111' title='bbox 797 1212 900 1258; x_wconf 69' lang='lat' dir='ltr'>nostro!</span> 
     </span>
     <span class='ocr_line' id='line_1_17' title="bbox 261 1279 839 1338; baseline -0.009 -8"><span class='ocrx_word' id='word_1_112' title='bbox 261 1283 300 1331; x_wconf 80' lang='lat' dir='ltr'>sic</span> <span class='ocrx_word' id='word_1_113' title='bbox 310 1298 445 1330; x_wconf 83' lang='lat' dir='ltr'>memorans</span> <span class='ocrx_word' id='word_1_114' title='bbox 454 1281 523 1338; x_wconf 79' lang='lat' dir='ltr'>largo</span> <span class='ocrx_word' id='word_1_115' title='bbox 532 1280 591 1328; x_wconf 90' lang='lat' dir='ltr'>fletu</span> <span class='ocrx_word' id='word_1_116' title='bbox 601 1279 673 1327; x_wconf 90' lang='lat' dir='ltr'>simul</span> <span class='ocrx_word' id='word_1_117' title='bbox 682 1294 726 1326; x_wconf 92' lang='lat' dir='ltr'>ora</span> <span class='ocrx_word' id='word_1_118' title='bbox 735 1279 839 1335; x_wconf 80' lang='lat' dir='ltr'>rigabat.</span> 
     </span>
     <span class='ocr_line' id='line_1_18' title="bbox 214 1347 836 1410; baseline -0.01 -11"><span class='ocrx_word' id='word_1_119' title='bbox 214 1373 251 1410; x_wconf 83' lang='lat'>700</span> <span class='ocrx_word' id='word_1_120' title='bbox 263 1351 312 1398; x_wconf 83' lang='lat' dir='ltr'>Ter</span> <span class='ocrx_word' id='word_1_121' title='bbox 322 1352 423 1398; x_wconf 83' lang='lat' dir='ltr'>conatus</span> <span class='ocrx_word' id='word_1_122' title='bbox 431 1349 465 1396; x_wconf 89' lang='lat' dir='ltr'>ibi</span> <span class='ocrx_word' id='word_1_123' title='bbox 475 1348 537 1397; x_wconf 86' lang='lat' dir='ltr'>collo</span> <span class='ocrx_word' id='word_1_124' title='bbox 546 1349 604 1396; x_wconf 85' lang='lat' dir='ltr'>dare</span> <span class='ocrx_word' id='word_1_125' title='bbox 613 1347 727 1394; x_wconf 86' lang='lat' dir='ltr'>bracchia</span> <span class='ocrx_word' id='word_1_126' title='bbox 737 1347 836 1405; x_wconf 69' lang='lat' dir='ltr'>ancum,</span> 
     </span>
     <span class='ocr_line' id='line_1_19' title="bbox 261 1415 849 1474; baseline -0.01 -8"><span class='ocrx_word' id='word_1_127' title='bbox 261 1420 301 1467; x_wconf 87' lang='lat' dir='ltr'>ter</span> <span class='ocrx_word' id='word_1_128' title='bbox 309 1419 404 1466; x_wconf 78' lang='lat' dir='ltr'>trustra</span> <span class='ocrx_word' id='word_1_129' title='bbox 414 1431 555 1474; x_wconf 88' lang='lat' dir='ltr'>comprensa</span> <span class='ocrx_word' id='word_1_130' title='bbox 568 1430 655 1463; x_wconf 87' lang='lat' dir='ltr'>manus</span> <span class='ocrx_word' id='word_1_131' title='bbox 665 1415 751 1471; x_wconf 76' lang='lat' dir='ltr'>effugit</span> <span class='ocrx_word' id='word_1_132' title='bbox 761 1415 849 1472; x_wconf 78' lang='lat' dir='ltr'>imago,</span> 
     </span>
     <span class='ocr_line' id='line_1_20' title="bbox 262 1483 876 1544; baseline -0.008 -9"><span class='ocrx_word' id='word_1_133' title='bbox 262 1503 308 1544; x_wconf 90' lang='lat' dir='ltr'>par</span> <span class='ocrx_word' id='word_1_134' title='bbox 317 1487 408 1534; x_wconf 83' lang='lat' dir='ltr'>levibus</span> <span class='ocrx_word' id='word_1_135' title='bbox 418 1485 497 1534; x_wconf 84' lang='lat' dir='ltr'>ventis</span> <span class='ocrx_word' id='word_1_136' title='bbox 506 1484 644 1540; x_wconf 83' lang='lat' dir='ltr'>volucrique</span> <span class='ocrx_word' id='word_1_137' title='bbox 653 1483 775 1531; x_wconf 80' lang='lat' dir='ltr'>simillima</span> <span class='ocrx_word' id='word_1_138' title='bbox 784 1498 876 1530; x_wconf 84' lang='lat' dir='ltr'>somno.</span> 
     </span>
     <span class='ocr_line' id='line_1_21' title="bbox 290 1551 785 1603; baseline -0.012 0"><span class='ocrx_word' id='word_1_139' title='bbox 290 1557 388 1603; x_wconf 85' lang='lat' dir='ltr'>Interea</span> <span class='ocrx_word' id='word_1_140' title='bbox 396 1555 462 1602; x_wconf 82' lang='lat' dir='ltr'>videt</span> <span class='ocrx_word' id='word_1_141' title='bbox 471 1556 566 1602; x_wconf 87' lang='lat' dir='ltr'>Aeneas</span> <span class='ocrx_word' id='word_1_142' title='bbox 575 1553 600 1600; x_wconf 87' lang='lat' dir='ltr'>in</span> <span class='ocrx_word' id='word_1_143' title='bbox 609 1552 673 1599; x_wconf 86' lang='lat' dir='ltr'>valle</span> <span class='ocrx_word' id='word_1_144' title='bbox 682 1551 785 1599; x_wconf 85' lang='lat' dir='ltr'>redacta</span> 
     </span>
     <span class='ocr_line' id='line_1_22' title="bbox 263 1620 843 1678; baseline -0.01 -7"><span class='ocrx_word' id='word_1_145' title='bbox 263 1624 382 1672; x_wconf 84' lang='lat' dir='ltr'>seclusum</span> <span class='ocrx_word' id='word_1_146' title='bbox 392 1638 477 1670; x_wconf 85' lang='lat' dir='ltr'>nemus</span> <span class='ocrx_word' id='word_1_147' title='bbox 486 1625 511 1670; x_wconf 85' lang='lat' dir='ltr'>et</span> <span class='ocrx_word' id='word_1_148' title='bbox 520 1621 629 1678; x_wconf 76' lang='lat' dir='ltr'>virgulta</span> <span class='ocrx_word' id='word_1_149' title='bbox 638 1620 750 1667; x_wconf 90' lang='lat' dir='ltr'>sonantia</span> <span class='ocrx_word' id='word_1_150' title='bbox 760 1620 843 1676; x_wconf 86' lang='lat' dir='ltr'>silvae,</span> 
     </span>
     <span class='ocr_line' id='line_1_23' title="bbox 263 1689 941 1747; baseline -0.001 -9"><span class='ocrx_word' id='word_1_151' title='bbox 263 1693 443 1747; x_wconf 85' lang='lat' dir='ltr'>Lethaeumque</span> <span class='ocrx_word' id='word_1_152' title='bbox 449 1691 531 1738; x_wconf 87' lang='lat' dir='ltr'>domos</span> <span class='ocrx_word' id='word_1_153' title='bbox 538 1690 645 1746; x_wconf 84' lang='lat' dir='ltr'>placidas</span> <span class='ocrx_word' id='word_1_154' title='bbox 653 1689 693 1744; x_wconf 89' lang='lat' dir='ltr'>qui</span> <span class='ocrx_word' id='word_1_155' title='bbox 700 1689 830 1745; x_wconf 88' lang='lat' dir='ltr'>praenatat</span> <span class='ocrx_word' id='word_1_156' title='bbox 837 1704 941 1737; x_wconf 89' lang='lat' dir='ltr'>amnem.</span> 
     </span>
     <span class='ocr_line' id='line_1_24' title="bbox 263 1757 942 1817; baseline 0 -11"><span class='ocrx_word' id='word_1_157' title='bbox 263 1761 337 1807; x_wconf 88' lang='lat' dir='ltr'>Hunc</span> <span class='ocrx_word' id='word_1_158' title='bbox 343 1760 433 1808; x_wconf 90' lang='lat' dir='ltr'>circum</span> <span class='ocrx_word' id='word_1_159' title='bbox 440 1760 581 1806; x_wconf 87' lang='lat' dir='ltr'>innumerae</span> <span class='ocrx_word' id='word_1_160' title='bbox 587 1761 672 1816; x_wconf 76' lang='lat' dir='ltr'>gentes</span> <span class='ocrx_word' id='word_1_161' title='bbox 679 1757 806 1814; x_wconf 87' lang='lat' dir='ltr'>populique</span> <span class='ocrx_word' id='word_1_162' title='bbox 814 1757 942 1817; x_wconf 87' lang='lat' dir='ltr'>volabant;</span> 
     </span>
     <span class='ocr_line' id='line_1_25' title="bbox 263 1827 805 1883; baseline -0.007 -8"><span class='ocrx_word' id='word_1_163' title='bbox 263 1844 292 1876; x_wconf 87' lang='lat' dir='ltr'>ac</span> <span class='ocrx_word' id='word_1_164' title='bbox 301 1827 403 1874; x_wconf 85' lang='lat' dir='ltr'>velutin</span> <span class='ocrx_word' id='word_1_165' title='bbox 413 1828 490 1883; x_wconf 89' lang='lat' dir='ltr'>pratis</span> <span class='ocrx_word' id='word_1_166' title='bbox 500 1827 541 1874; x_wconf 93' lang='lat' dir='ltr'>ubi</span> <span class='ocrx_word' id='word_1_167' title='bbox 551 1841 607 1882; x_wconf 86' lang='lat' dir='ltr'>apes</span> <span class='ocrx_word' id='word_1_168' title='bbox 618 1827 710 1873; x_wconf 75' lang='lat' dir='ltr'>aestate</span> <span class='ocrx_word' id='word_1_169' title='bbox 720 1840 805 1872; x_wconf 88' lang='lat' dir='ltr'>serena</span> 
     </span>
     <span class='ocr_line' id='line_1_26' title="bbox 264 1893 818 1952; baseline -0.007 -8"><span class='ocrx_word' id='word_1_170' title='bbox 264 1896 361 1944; x_wconf 88' lang='lat' dir='ltr'>floribus</span> <span class='ocrx_word' id='word_1_171' title='bbox 371 1895 480 1943; x_wconf 89' lang='lat' dir='ltr'>insidant</span> <span class='ocrx_word' id='word_1_172' title='bbox 489 1895 571 1952; x_wconf 87' lang='lat' dir='ltr'>variis,</span> <span class='ocrx_word' id='word_1_173' title='bbox 581 1896 606 1942; x_wconf 91' lang='lat' dir='ltr'>et</span> <span class='ocrx_word' id='word_1_174' title='bbox 615 1894 718 1942; x_wconf 88' lang='lat' dir='ltr'>candida</span> <span class='ocrx_word' id='word_1_175' title='bbox 727 1893 818 1941; x_wconf 84' lang='lat' dir='ltr'>circum</span> 
     </span>
     <span class='ocr_line' id='line_1_27' title="bbox 264 1964 908 2022; baseline -0.006 -9"><span class='ocrx_word' id='word_1_176' title='bbox 264 1967 314 2013; x_wconf 90' lang='lat' dir='ltr'>lilia</span> <span class='ocrx_word' id='word_1_177' title='bbox 323 1964 470 2022; x_wconf 82' lang='lat' dir='ltr'>funduntur,</span> <span class='ocrx_word' id='word_1_178' title='bbox 482 1965 569 2020; x_wconf 84' lang='lat' dir='ltr'>strepit</span> <span class='ocrx_word' id='word_1_179' title='bbox 579 1964 656 2011; x_wconf 87' lang='lat' dir='ltr'>omnis</span> <span class='ocrx_word' id='word_1_180' title='bbox 666 1978 790 2010; x_wconf 90' lang='lat' dir='ltr'>murmure</span> <span class='ocrx_word' id='word_1_181' title='bbox 799 1978 908 2018; x_wconf 88' lang='lat' dir='ltr'>campus.</span> 
     </span>
     <span class='ocr_line' id='line_1_28' title="bbox 215 2030 790 2097; baseline -0.017 -11"><span class='ocrx_word' id='word_1_182' title='bbox 215 2061 252 2097; x_wconf 84' lang='lat'>710</span> <span class='ocrx_word' id='word_1_183' title='bbox 264 2033 390 2082; x_wconf 86' lang='lat' dir='ltr'>Horrescit</span> <span class='ocrx_word' id='word_1_184' title='bbox 400 2032 454 2079; x_wconf 84' lang='lat' dir='ltr'>visu</span> <span class='ocrx_word' id='word_1_185' title='bbox 462 2032 542 2080; x_wconf 91' lang='lat' dir='ltr'>subito</span> <span class='ocrx_word' id='word_1_186' title='bbox 551 2046 682 2086; x_wconf 86' lang='lat' dir='ltr'>causasque</span> <span class='ocrx_word' id='word_1_187' title='bbox 690 2030 790 2086; x_wconf 87' lang='lat' dir='ltr'>requirit</span> 
     </span>
     <span class='ocr_line' id='line_1_29' title="bbox 264 2098 830 2157; baseline -0.007 -7"><span class='ocrx_word' id='word_1_188' title='bbox 264 2103 353 2150; x_wconf 82' lang='lat' dir='ltr'>inscius</span> <span class='ocrx_word' id='word_1_189' title='bbox 362 2103 465 2157; x_wconf 86' lang='lat' dir='ltr'>Aeneas,</span> <span class='ocrx_word' id='word_1_190' title='bbox 476 2115 536 2156; x_wconf 88' lang='lat' dir='ltr'>quae</span> <span class='ocrx_word' id='word_1_191' title='bbox 546 2099 595 2146; x_wconf 89' lang='lat' dir='ltr'>sint</span> <span class='ocrx_word' id='word_1_192' title='bbox 605 2114 634 2146; x_wconf 88' lang='lat' dir='ltr'>ea</span> <span class='ocrx_word' id='word_1_193' title='bbox 643 2098 743 2145; x_wconf 88' lang='lat' dir='ltr'>flumina</span> <span class='ocrx_word' id='word_1_194' title='bbox 752 2113 830 2154; x_wconf 74' lang='lat' dir='ltr'>pone,</span> 
     </span>
     <span class='ocr_line' id='line_1_30' title="bbox 264 2166 813 2228; baseline -0.013 -9"><span class='ocrx_word' id='word_1_195' title='bbox 264 2173 334 2228; x_wconf 88' lang='lat' dir='ltr'>quive</span> <span class='ocrx_word' id='word_1_196' title='bbox 343 2170 390 2218; x_wconf 82' lang='lat' dir='ltr'>viri</span> <span class='ocrx_word' id='word_1_197' title='bbox 398 2171 469 2216; x_wconf 84' lang='lat' dir='ltr'>tanto</span> <span class='ocrx_word' id='word_1_198' title='bbox 479 2167 624 2223; x_wconf 88' lang='lat' dir='ltr'>complerint</span> <span class='ocrx_word' id='word_1_199' title='bbox 634 2166 729 2223; x_wconf 79' lang='lat' dir='ltr'>agmine</span> <span class='ocrx_word' id='word_1_200' title='bbox 739 2166 813 2222; x_wconf 85' lang='lat' dir='ltr'>ripas.</span> 
     </span>
     <span class='ocr_line' id='line_1_31' title="bbox 265 2232 921 2297; baseline -0.017 -8"><span class='ocrx_word' id='word_1_201' title='bbox 265 2241 328 2288; x_wconf 85' lang='lat' dir='ltr'>Tum</span> <span class='ocrx_word' id='word_1_202' title='bbox 337 2241 408 2297; x_wconf 88' lang='lat' dir='ltr'>pater</span> <span class='ocrx_word' id='word_1_203' title='bbox 417 2237 535 2285; x_wconf 83' lang='lat' dir='ltr'>Anchises</span> <span class='ocrx_word' id='word_1_204' title='bbox 546 2235 553 2256; x_wconf 94' lang='lat'>‘</span> <span class='ocrx_word' id='word_1_205' title='bbox 561 2235 673 2292; x_wconf 85' lang='lat' dir='ltr'>Animae,</span> <span class='ocrx_word' id='word_1_206' title='bbox 684 2235 770 2290; x_wconf 87' lang='lat' dir='ltr'>quibus</span> <span class='ocrx_word' id='word_1_207' title='bbox 780 2235 859 2282; x_wconf 77' lang='lat' dir='ltr'>altera</span> <span class='ocrx_word' id='word_1_208' title='bbox 868 2232 921 2279; x_wconf 87' lang='lat' dir='ltr'>fato</span> 
     </span>
     <span class='ocr_line' id='line_1_32' title="bbox 265 2303 889 2364; baseline -0.014 -7"><span class='ocrx_word' id='word_1_209' title='bbox 265 2325 366 2364; x_wconf 87' lang='lat' dir='ltr'>corpora</span> <span class='ocrx_word' id='word_1_210' title='bbox 379 2307 506 2362; x_wconf 85' lang='lat' dir='ltr'>debentur,</span> <span class='ocrx_word' id='word_1_211' title='bbox 517 2304 619 2352; x_wconf 84' lang='lat' dir='ltr'>Lethaei</span> <span class='ocrx_word' id='word_1_212' title='bbox 629 2305 659 2350; x_wconf 86' lang='lat' dir='ltr'>ad</span> <span class='ocrx_word' id='word_1_213' title='bbox 669 2303 775 2350; x_wconf 89' lang='lat' dir='ltr'>fluminis</span> <span class='ocrx_word' id='word_1_214' title='bbox 784 2304 889 2350; x_wconf 85' lang='lat' dir='ltr'>undam&#39;</span> 
     </span>
     <span class='ocr_line' id='line_1_33' title="bbox 265 2372 773 2429; baseline -0.014 -5"><span class='ocrx_word' id='word_1_215' title='bbox 265 2392 360 2425; x_wconf 87' lang='lat' dir='ltr'>securos</span> <span class='ocrx_word' id='word_1_216' title='bbox 370 2375 453 2423; x_wconf 86' lang='lat' dir='ltr'>latices</span> <span class='ocrx_word' id='word_1_217' title='bbox 463 2376 488 2421; x_wconf 87' lang='lat' dir='ltr'>et</span> <span class='ocrx_word' id='word_1_218' title='bbox 497 2374 571 2429; x_wconf 84' lang='lat' dir='ltr'>longa</span> <span class='ocrx_word' id='word_1_219' title='bbox 580 2372 669 2419; x_wconf 85' lang='lat' dir='ltr'>oblivia</span> <span class='ocrx_word' id='word_1_220' title='bbox 677 2373 773 2428; x_wconf 86' lang='lat' dir='ltr'>petant.</span> 
     </span>
    </p>
   </div>
   <div class='ocr_carea' id='block_1_3' title="bbox 267 2440 944 2559">
    <p class='ocr_par' dir='ltr' id='par_1_3' title="bbox 267 2440 944 2559">
     <span class='ocr_line' id='line_1_34' title="bbox 267 2440 944 2499; baseline -0.006 -9"><span class='ocrx_word' id='word_1_221' title='bbox 267 2445 320 2493; x_wconf 85' lang='lat' dir='ltr'>Has</span> <span class='ocrx_word' id='word_1_222' title='bbox 330 2444 438 2499; x_wconf 89' lang='lat' dir='ltr'>equidem</span> <span class='ocrx_word' id='word_1_223' title='bbox 449 2456 583 2489; x_wconf 89' lang='lat' dir='ltr'>memorare</span> <span class='ocrx_word' id='word_1_224' title='bbox 592 2441 639 2488; x_wconf 91' lang='lat' dir='ltr'>tibi</span> <span class='ocrx_word' id='word_1_225' title='bbox 647 2442 721 2496; x_wconf 85' lang='lat' dir='ltr'>atquc</span> <span class='ocrx_word' id='word_1_226' title='bbox 726 2440 853 2487; x_wconf 89' lang='lat' dir='ltr'>ostendere</span> <span class='ocrx_word' id='word_1_227' title='bbox 863 2455 944 2487; x_wconf 83' lang='lat' dir='ltr'>coram</span> 
     </span>
     <span class='ocr_line' id='line_1_35' title="bbox 313 2512 385 2559; baseline 0.014 -1"><span class='ocrx_word' id='word_1_228' title='bbox 313 2512 322 2558; x_wconf 91' lang='lat'>(</span> <span class='ocrx_word' id='word_1_229' title='bbox 331 2515 368 2550; x_wconf 83' lang='lat'>260</span> <span class='ocrx_word' id='word_1_230' title='bbox 376 2512 385 2559; x_wconf 81' lang='grc'>1</span> 
     </span>
    </p>
   </div>
   <div class='ocr_carea' id='block_1_4' title="bbox 0 0 1003 3164">
    <p class='ocr_par' dir='ltr' id='par_1_4' title="bbox 0 0 1003 3164">
     <span class='ocr_line' id='line_1_36' title="bbox 0 0 1003 3164; baseline 0 0"><span class='ocrx_word' id='word_1_231' title='bbox 0 0 1003 3164; x_wconf 95' lang='lat' dir='ltr'> </span> 
     </span>
    </p>
   </div>
  </div>
 </body>
</html>
