1972 3164
305 157 415 198 nauale.
440 159 484 199 XII

57 251 159 308 Iraeque
169 252 328 309 Insidiaeque,
339 253 378 300 dei
387 255 525 311 comitatus,
535 258 644 312 aguntur
654 278 660 304 ι

56 320 114 367 talis
124 335 196 376 equos
206 320 286 368 alacer
295 320 375 366 media
383 321 448 369 inter
458 322 550 379 proelia
559 323 657 370 Tamus

57 388 182 436 fumantes
192 389 279 436 sudore
288 389 376 445 quatit,
387 389 522 437 miserabile
532 390 607 438 eaesis

61 456 172 504 hostibus
183 456 304 503 insultans
314 476 321 513 ;
335 458 429 514 spargit
439 458 525 512 rapida
534 457 627 514 ungula
636 473 702 506 rores

9 541 48 583 340
59 525 213 582 sanguineos,
223 525 346 580 mixtaque
356 540 427 572 eruor
437 525 547 595 ealeatur
555 526 655 575 harena.

60 595 161 650 Iamque
177 592 231 640 neci
250 592 437 653 Sthenelumque
455 594 521 642 dedit
541 594 736 652 Thamyrumque

116 661 276 718 Pholumque,

59 729 124 777 hune
139 743 281 785 eongressus
297 730 322 776 et
341 727 414 785 hune,
429 728 498 776 illum
513 729 606 777 eminus
617 748 623 787 ;
640 730 734 778 eminus

116 796 187 844 ambo

59 864 215 922 Imbrasidas,
227 865 346 914 Glaucum
356 869 429 922 atqhe
438 866 530 923 Laden,
540 882 599 922 quos
609 866 733 914 Imbrasus

113 948 165 989 ipse

57 1001 178 1049 nutrierat
188 1002 263 1058 Lycia
272 1003 418 1060 paribusque
427 1004 557 1050 ornaverat
570 1003 653 1059 armis

58 1071 98 1118 rel
108 1070 216 1119 eonferre
226 1086 325 1119 manum
335 1071 374 1120 vel
384 1087 444 1129 equo
454 1074 608 1127 praevertere
617 1073 710 1119 ventos.

58 1140 132 1186 Parte
140 1139 188 1186 alia
195 1139 274 1186 media
283 1140 406 1188 Eumedes
415 1140 441 1187 in
451 1139 542 1194 proelia
556 1139 645 1195 fertur,

57 1207 152 1263 antiqui
161 1206 239 1262 proles
249 1206 312 1255 bello
321 1208 448 1264 praeclara
456 1207 567 1263 Dolonis,

57 1275 156 1322 nomine
165 1288 238 1321 avum
252 1275 370 1333 referens,
380 1275 462 1323 animo
476 1274 633 1330 manibusque
648 1289 733 1330 paren-

115 1344 174 1400 tem,

60 1409 101 1467 qui
110 1411 238 1469 quondam,
247 1412 328 1460 eastra
336 1413 365 1459 ut
375 1411 490 1459 Danaum
500 1410 636 1466 speculator
645 1409 732 1467 adiret,

10 1497 48 1536 3⁵0
59 1494 133 1526 ausus
143 1478 240 1526 Pelidae
250 1479 355 1535 pretium
364 1480 410 1527 sibi
420 1494 516 1535 poscere
526 1493 611 1526 currus
620 1496 626 1533 ;

58 1547 128 1594 illum
138 1547 243 1603 Tydides
253 1547 300 1594 alio
309 1562 354 1603 pro
362 1548 452 1595 talibus
463 1547 527 1594 ausis

58 1614 142 1662 affecit
152 1615 238 1672 pretio,
249 1630 293 1662 nee
302 1614 369 1670 equis
378 1616 471 1671 aspirat
482 1613 591 1662 Achillis.

58 1684 133 1730 Hune
140 1682 224 1739 procul
234 1684 263 1730 ut
273 1697 358 1739 eampo
368 1685 466 1731 Turnus
476 1680 599 1739 prospexit
609 1681 702 1736 aperto,

57 1752 116 1798 ante
125 1749 173 1798 levi
182 1750 260 1798 iaculo
269 1750 369 1807 longum
379 1766 423 1808 per
432 1751 504 1798 inane
515 1751 620 1805 secutus,

57 1818 123 1866 sistit
133 1833 204 1875 equos
214 1818 306 1876 biiuges
316 1820 342 1866 et
352 1833 426 1867 ourru
435 1818 523 1874 desilit,
533 1818 606 1873 atque

57 1887 192 1935 semianimi
201 1888 314 1943 lapsoque
324 1887 472 1944 supervenit,
482 1888 507 1934 et
517 1886 576 1942 pede
587 1884 647 1933 eollo

56 1954 182 2012 impresso,
193 1955 293 2003 dextrae
303 1969 442 2002 mueronem
451 1955 578 2009 extorquet
588 1953 613 1999 et
623 1951 674 1997 alto

57 2021 194 2081 fulgentem
203 2023 279 2081 tingit
288 2022 380 2079 iugulo,
390 2024 462 2077 atqua
471 2021 531 2068 haee
540 2021 639 2075 insuper
648 2018 716 2065 addit
725 2039 732 2066 ε

59 2089 66 2111 ‘
76 2091 116 2137 En
126 2106 198 2147 agros
207 2092 233 2138 et
241 2105 314 2146 quam
323 2090 394 2146 bello,
405 2089 515 2146 Troiane,
526 2089 618 2145 petisti,

11 2161 48 2210 360
59 2158 204 2213 Hesperiam
213 2157 299 2205 metire
308 2157 388 2205 iaeens
397 2177 403 2204 ε
417 2157 476 2204 haee
485 2156 594 2213 praemia
602 2156 643 2213 qui
652 2170 691 2202 me

59 2225 126 2271 ferro
136 2224 189 2270 ausi
199 2225 322 2280 temptare
331 2222 423 2281 ferunt,
435 2224 468 2272 sie
477 2223 572 2272 moenia
581 2223 704 2271 eondunt.'

59 2292 126 2340 Huie
135 2291 248 2339 comitem
257 2291 368 2348 Asbyten
377 2292 485 2339 eonieeta
493 2293 591 2348 cuspide
600 2292 686 2348 mittit,

59 2360 207 2417 Chloreaque
218 2359 374 2416 Sybarimque
388 2359 527 2416 Daretaque
541 2359 733 2408 Thersilochum-

115 2443 161 2484 que

107 2497 115 2545 (
124 2497 177 2546 415)
