1972 3164
398 170 508 210 AENEIS.
533 171 552 209 X

138 266 220 315 insula
228 267 378 316 inexhaustis
389 267 525 326 Chalybum
536 283 653 327 generosa
662 269 774 315 metallis.
838 319 841 328 ,
912 309 920 319 .

139 337 237 384 Tertius
247 337 286 384 ille
296 337 420 385 hominum
430 338 558 393 divumque
567 337 688 392 interpres
697 336 786 392 Asilas,

139 406 179 454 cui
188 407 307 462 pecudum
317 406 400 463 fibrae,
411 406 471 453 caeli
480 405 519 453 cui
529 406 608 452 sidera
617 407 713 462 parent,

139 475 166 522 et
173 475 270 531 linguae
279 475 405 522 volucrum
414 477 439 522 et
449 474 561 532 praesagi
570 473 680 520 fulminis
689 473 766 530 ignes,

140 543 206 590 mille
216 543 282 598 rapit
291 543 377 589 densos
387 543 437 591 acie
447 544 519 599 atque
528 541 684 590 horrentibus
693 542 778 589 hastis.

141 611 195 658 Hos
205 626 291 668 parere
300 610 385 658 iubent
393 611 501 667 Alpheae
511 610 542 658 ab
551 610 644 668 origine
653 610 732 668 Pisae,

121 697 131 723 >
142 679 202 727 urbs
212 680 320 728 Etrusca
330 679 389 727 solo.
420 680 535 736 Semitur
544 679 722 736 pulcherrimus
732 679 820 735 Astur,

142 749 221 796 Astur
230 763 290 804 equo
300 748 375 796 fidens
385 749 411 796 et
419 748 602 796 versicoloribus
611 748 694 796 armis.

143 817 290 864 Tomentum
299 816 416 864 adiiciunt
426 817 503 873 (mens
512 816 622 863 omnibus
632 832 682 863 una
692 815 818 872 sequendi)

143 885 185 942 qui
195 886 296 933 Caerete
305 886 383 942 domo,
394 885 435 941 qui
444 887 503 932 sunt
512 884 627 932 Minionis
636 885 662 931 in
672 885 744 942 arvis,

144 955 170 1002 et
180 953 255 1010 Pyrgi
264 955 356 1001 veteres
366 953 570 1010 intempestam
581 954 720 1001 Graviscae.

173 1021 229 1069 Non
239 1037 283 1080 ego
293 1023 326 1080 te,
337 1022 455 1080 Ligurum
465 1023 552 1070 ductor
560 1022 692 1069 fortissime
702 1021 774 1077 bello,

144 1090 292 1148 transierim,
303 1091 399 1148 Cinyra,
410 1092 435 1138 et
444 1090 527 1147 paucis
537 1091 652 1138 comitata
663 1090 771 1145 Cupauo,

144 1158 214 1208 cuius
223 1159 327 1206 olorinae
337 1160 443 1217 surgunt
452 1159 482 1205 de
491 1158 582 1206 vertice
592 1172 693 1214 pennae,

145 1228 237 1276 crimen
245 1242 314 1274 amor
322 1229 431 1274 vestrum
441 1227 581 1281 formaeque
589 1225 684 1281 insigne
694 1225 819 1281 paternae.

145 1297 257 1352 Namque
266 1295 350 1342 ferunt
359 1295 429 1342 luctu
438 1295 547 1350 Cycnum
557 1292 716 1340 Phaethontis
726 1291 811 1348 amati,

122 1382 136 1408 ο
146 1363 262 1421 populeas
271 1363 336 1409 inter
345 1362 443 1409 frondes
452 1361 609 1416 umbramque
619 1375 728 1407 summm

146 1434 205 1481 dum
217 1431 283 1479 canit
292 1433 317 1478 et
327 1431 446 1477 maestum
456 1429 529 1476 Musa
538 1429 632 1476 solatur
640 1443 755 1485 amorem,

147 1501 274 1550 canentem
285 1499 352 1546 molli
361 1499 445 1555 pluma
453 1497 550 1545 duxisse
559 1498 689 1554 senectam,

146 1570 296 1626 linquentem
306 1571 385 1616 terras
394 1571 419 1614 et
429 1566 508 1614 sidera
516 1581 574 1614 voce
584 1567 731 1621 sequentem.

147 1637 234 1695 Filius,
245 1636 356 1693 aequales
365 1635 495 1684 comitatus
505 1634 581 1682 classa
591 1634 710 1690 catervas,

147 1706 272 1763 ingentem
282 1705 354 1752 remis
365 1703 514 1752 Centaurum
524 1705 664 1759 promovet:
679 1702 720 1749 ille

148 1775 226 1822 instat
236 1789 321 1831 aquae,
332 1788 463 1828 saxumque
473 1772 544 1818 undis
554 1771 658 1818 immane
668 1771 777 1818 minatur

150 1844 249 1900 arduus,
260 1844 284 1889 et
294 1842 367 1898 longa
376 1842 455 1889 sulcat
465 1840 542 1888 maria
551 1840 602 1887 alta
612 1839 702 1888 carina.

180 1911 225 1957 Ille
234 1911 307 1958 etiam
317 1910 403 1966 patriis
413 1925 499 1966 agmen
509 1909 557 1956 ciet
566 1908 648 1957 Ocnus
658 1908 689 1955 ab
696 1909 752 1964 oris,

152 1979 267 2027 fatidicae
276 1979 377 2026 Mantus
387 1979 413 2026 et
423 1978 496 2025 Tusci
505 1978 568 2024 filius
578 1977 664 2033 amnis,

122 2064 141 2090 a
152 2047 194 2104 qni
204 2062 285 2094 muros
295 2047 427 2102 matrisque
437 2045 504 2092 dedit
513 2045 566 2101 tibi,
578 2045 691 2099 Mantua,
702 2057 796 2099 nomen,

152 2116 266 2171 Mantua,
275 2115 340 2162 dives
350 2115 401 2161 avis
410 2134 415 2161 ε
430 2113 471 2160 sed
480 2128 529 2159 non
538 2127 613 2168 genus
619 2112 729 2158 omnibus
737 2126 825 2157 unum:

152 2199 212 2243 gens
222 2184 258 2230 illi
266 2184 364 2240 triplex,
375 2182 458 2238 populi
467 2181 512 2227 sub
521 2183 593 2236 gente
603 2180 723 2236 quaterni,

154 2254 206 2310 ipse
217 2253 291 2307 caput
300 2251 404 2307 populis,
416 2251 495 2297 Tusco
505 2251 534 2296 de
544 2249 660 2304 sauguine
670 2248 741 2294 viras.

154 2321 221 2368 Hinc
231 2334 323 2376 qnoque
332 2318 477 2376 quingentos
485 2318 511 2363 in
522 2332 547 2364 se
557 2316 690 2362 Memntius
700 2317 788 2371 armat,

153 2403 213 2445 quos
222 2389 293 2443 patre
302 2388 400 2433 Benaco
410 2385 505 2431 velatus
514 2384 649 2431 harundine
658 2383 744 2439 glauca

154 2455 261 2504 Mincius
270 2454 361 2503 infesta
370 2452 474 2501 ducebat
484 2453 509 2499 in
519 2467 623 2508 aequora
633 2451 698 2508 pinu.

204 2524 212 2573 l
222 2538 255 2574 35¹
265 2524 273 2571 )
