1972 3164
20 17 976 115 -Ξ

454 324 476 363 Ρ.
489 323 608 365 VERGILI
620 325 750 366 MARONIS

211 433 254 472 ’τεο
265 421 324 470 Mox
334 421 358 470 et
367 419 497 469 frumentis
507 419 576 469 labor
582 420 689 480 additus,
699 422 728 469 ut
738 421 803 470 mala
812 412 903 473 culmos

264 493 328 539 esset
338 491 430 549 robigo,
440 491 567 549 segnisque
577 492 688 541 horreret
697 493 723 540 in
733 493 798 540 arvis

265 559 383 608 carduus:
397 559 522 608 intereunt
532 562 633 619 segetes,
643 561 709 608 subit
718 577 806 618 aspera
812 561 882 622 silva,

264 628 397 684 lappaeque
407 628 543 686 tribolique,
553 629 664 685 interque
674 630 779 677 nitentia
788 631 856 679 culta

264 697 349 744 infelix
358 697 442 745 lolium
451 698 476 744 et
486 697 580 745 steriles
590 698 749 745 dominantur
758 714 858 747 avenae.

265 765 334 821 Quod
342 765 389 811 nisi
399 766 424 812 et
434 764 536 811 assiduis
547 765 647 812 herbam
656 765 808 814 insectabere
817 767 914 826 rastris,

264 834 289 879 et
299 833 379 879 sonitu
389 832 492 879 terrebis
503 848 568 889 aves,
579 834 605 879 et
613 833 677 879 ruris
687 832 757 889 opaci

263 899 326 946 falce
336 915 430 956 premes
440 900 547 957 umbras,
557 901 666 956 votisque
678 902 804 948 vocaveris
813 892 926 963 imbrcni,

263 968 311 1016 heu
321 985 436 1026 magnum
446 968 545 1016 alterius
555 969 650 1016 frustra
660 969 780 1024 spectabis
789 985 913 1030 acervum,

263 1051 424 1093 concussaque
434 1037 524 1084 famem
534 1038 561 1084 iu
571 1037 637 1085 silvis
648 1037 756 1085 solabere
765 1054 862 1094 quercu.

216 1111 252 1148 160
291 1105 428 1153 Dicendum
437 1108 471 1164 et,
481 1121 541 1162 quae
550 1106 600 1153 sint
610 1106 678 1153 duris
688 1107 826 1163 agrestibus
835 1123 914 1167 arma,

264 1174 316 1229 quis
326 1174 377 1221 sine
387 1190 430 1231 nec
440 1177 541 1230 potuere
551 1174 598 1222 seri
607 1189 652 1221 noc
662 1190 762 1232 surgere
771 1191 876 1225 messos:

263 1243 339 1289 vomis
345 1244 370 1289 et
379 1242 462 1289 inflexi
467 1243 572 1299 primum
582 1257 656 1299 grave
662 1243 737 1290 robur
746 1244 832 1302 aratri,

263 1312 381 1367 tardaque
388 1311 518 1358 Eleusinae
527 1312 613 1358 matris
622 1311 747 1359 volventia
756 1312 875 1370 plaustra,

264 1379 408 1437 tribulaque,
419 1380 573 1437 traheaeque,
584 1381 610 1426 et
619 1379 702 1435 iniquo
711 1380 816 1436 pondere
825 1380 915 1438 rastri3

263 1448 348 1507 virgea
357 1451 484 1504 praeterea
493 1449 561 1496 Celei
569 1448 671 1504 vilisque
682 1448 799 1505 supellex,

263 1517 378 1565 arbuteae
388 1520 467 1566 crata
477 1519 502 1564 et
512 1518 614 1573 mystica
623 1531 718 1564 vannus
728 1517 819 1564 Iacchi.

264 1586 352 1634 Omnia
362 1602 423 1642 quae
433 1587 511 1633 multo
520 1586 577 1633 ante
588 1600 679 1632 memor
688 1585 786 1641 provisa
794 1600 905 1643 repones,

263 1653 284 1701 si
293 1655 318 1701 to
328 1655 402 1711 digna
410 1656 494 1701 manet
503 1654 579 1702 divini
588 1654 667 1711 gloria
676 1654 748 1700 ruris.

264 1721 384 1769 Continuo
393 1722 419 1768 in
429 1722 496 1768 silvis
506 1737 596 1778 magna
605 1721 631 1768 vi
640 1721 703 1770 flexa
712 1722 827 1769 domatur

216 1807 224 1830 1
238 1807 251 1831 0
262 1787 288 1836 in
299 1789 378 1836 burim
388 1791 414 1837 et
424 1789 492 1837 curvi
501 1789 605 1837 formam
616 1790 706 1846 accipit
715 1790 798 1838 ulmus
807 1788 893 1838 aratri.
933 1797 936 1801 ’

263 1857 328 1904 Huic
339 1873 354 1903 a
364 1857 438 1913 stirpe
446 1857 519 1913 pedes
528 1860 595 1905 temo
604 1860 733 1914 protentus
743 1859 768 1905 in
778 1860 842 1915 octo,

219 1933 221 1938 '
262 1925 332 1972 binae
341 1941 421 1983 aures,
432 1925 521 1981 duplici
535 1928 653 1982 aptantur
663 1927 771 1974 dentalia
780 1927 859 1975 dorso.

263 1994 379 2042 Caeditur
389 1996 414 2041 et
423 1995 478 2041 tilia
487 1996 544 2042 anto
554 1995 612 2051 iugo
621 1994 681 2042 levis
692 1995 790 2050 altaque
799 1995 873 2052 fagus

262 2063 380 2119 silvaque,
390 2078 452 2118 quaa
462 2079 546 2110 currus
557 2079 573 2110 a
582 2066 653 2120 tergo
662 2065 776 2119 torqueat
785 2063 855 2120 imos,

262 2132 288 2178 et
302 2145 419 2186 suspensa
426 2131 486 2178 focis
497 2131 607 2188 explorat
617 2131 704 2178 robora
714 2132 804 2178 fumus.

291 2199 392 2245 Possum
403 2200 481 2246 multa
490 2199 535 2246 tibi
544 2200 654 2247 veterum
665 2201 796 2256 praecepta
804 2199 905 2257 referre,

262 2268 288 2313 ni
297 2267 388 2324 refugis
398 2269 530 2323 tenuesque
540 2268 607 2325 piget
617 2283 760 2325 cognoscere
770 2283 850 2315 curas.

261 2335 328 2382 Area
338 2352 392 2382 cum
403 2336 487 2391 primis
496 2337 590 2393 ingenti
599 2337 725 2392 aequanda
735 2337 844 2392 cylindro

262 2405 287 2450 et
297 2404 415 2450 vertenda
424 2420 499 2450 manu
508 2405 533 2450 et
543 2406 610 2450 creta
621 2404 745 2451 solidanda
754 2404 843 2460 tenaci,

214 2478 249 2514 180
262 2486 292 2519 ne
303 2471 406 2519 subeant
416 2472 504 2520 herbae
519 2487 568 2518 neu
578 2472 677 2528 pulvere
686 2473 753 2519 victa
761 2473 870 2530 fatiscet,

262 2542 315 2587 tum
326 2540 407 2587 variae
417 2541 521 2587 illudant
531 2543 612 2596 pestes
622 2561 627 2586 ε
642 2555 713 2596 saepe
723 2541 824 2598 exiguus
835 2555 890 2587 mus

262 2607 307 2654 sub
316 2608 388 2654 terris
398 2609 525 2665 posuitque
534 2609 616 2656 domos
626 2611 699 2656 atoue
708 2609 798 2657 horrea
806 2608 873 2666 fecit,

309 2675 367 2724 (4⁴)
