1972 3164
165 711 189 746 30

164 1394 189 1430 40

164 2223 187 2248 10

363 116 554 158 CATALEPTON.
578 119 715 160 XIII-XIV

227 223 362 279 flavumque
373 227 473 281 propter
482 224 599 281 Thybrim
609 226 704 276 olentes
714 229 832 277 nauticum
921 228 925 237 '

255 307 349 348 vocure,
359 291 402 338 ubi
410 291 525 347 adpulsae
534 294 601 340 rates

227 360 296 406 stent
305 359 330 406 in
337 359 405 406 vadia
415 375 489 407 caeno
497 362 607 408 retentae
616 363 722 421 sordido,

255 443 384 483 muci-aque
395 427 517 476 luctantes
527 444 603 486 equn3

228 509 304 550 neque
313 495 339 542 in
349 495 454 542 culinam
464 497 489 543 et
498 498 572 543 uncta
579 498 721 553 compitalia

256 563 375 619 dapesque
384 563 456 611 duces
466 565 582 622 sordidas,

225 631 310 687 quibus
320 632 425 687 repletus
435 635 464 679 ut
473 633 580 680 selivosis
591 636 667 682 sacris

256 699 352 747 obesam
363 700 394 747 ad
403 715 502 747 uxorem
511 702 583 759 redis,

227 770 397 816 exaestuantes
407 769 462 816 dote
472 769 543 816 solvis
553 771 670 828 pantices,

255 851 282 883 os
292 852 394 893 crusque
403 836 488 883 lambis
498 837 577 885 saviis.

226 922 292 953 nunc
301 906 377 963 leedc,
388 921 453 954 nune
461 907 559 964 lacesse,
570 907 730 965 siquicquam
740 909 819 957 vales!

254 977 281 1022 et
290 989 377 1021 nomen
386 974 495 1022 adscribo
504 976 583 1023 tuum.

227 1043 325 1090 cinaede
335 1043 403 1100 Luci,
411 1043 491 1091 iamne
500 1045 525 1091 te
535 1044 625 1100 liquere
634 1059 700 1103 opes,

255 1112 366 1166 fameque
375 1111 473 1167 genuini
483 1113 599 1168 crepent?

227 1179 311 1226 videbo
320 1178 449 1226 habentem
458 1181 555 1235 praeter
563 1179 664 1236 ignavos
673 1181 735 1228 nihil

254 1247 344 1294 fratres
354 1249 379 1295 et
388 1247 479 1295 iratum
489 1247 579 1305 Iovem,

226 1318 373 1374 scissumque
382 1319 491 1365 ventrem
501 1319 527 1365 et
535 1317 640 1366 hirneosi
652 1319 737 1376 putrui

254 1386 326 1443 pedes
335 1386 416 1434 inedie
424 1386 542 1442 turgidos.

198 1589 224 1637 Si
234 1589 293 1636 mihi
302 1590 440 1645 susceptum
449 1589 524 1636 fuerit
533 1589 659 1636 decurrere
669 1604 768 1646 munus,

226 1672 240 1704 ο
250 1658 359 1714 Paphon,
370 1672 384 1704 ο
394 1657 461 1704 sedes
470 1671 531 1713 quae
541 1657 599 1705 eolis
609 1656 707 1713 Idalias,

198 1725 283 1772 Troius
293 1726 388 1772 Aenees
398 1725 508 1772 Romana
517 1741 560 1781 per
569 1724 657 1781 oppidu
666 1725 741 1782 digno

225 1793 274 1840 iam
283 1793 382 1840 tandem
392 1796 420 1840 ut
429 1795 510 1840 tecrnn
520 1793 625 1840 carmine
636 1795 721 1840 vectus
730 1797 788 1841 eet.
783 1815 788 1824 ·

197 1877 245 1909 non
255 1877 298 1918 ego
307 1863 363 1909 ture
373 1862 443 1908 modo
452 1863 496 1908 aut
505 1863 571 1918 piete
579 1863 624 1908 tua
632 1861 726 1917 templa
734 1862 829 1910 tabella

225 1930 315 1977 ornabo
324 1932 349 1977 et
359 1930 426 1986 puris
435 1931 501 1977 serta
509 1929 587 1976 feram
597 1929 723 1986 menibus;

197 2000 307 2057 corniger
316 1999 360 2046 hoe
370 1999 431 2045 aries
441 1997 547 2054 humilis,
558 1998 599 2045 sed
609 1998 723 2054 maxima,
733 2000 832 2056 taurus,

225 2068 324 2116 victima
333 2069 440 2115 secretos
450 2069 549 2124 sparget
557 2067 647 2114 honore
656 2065 731 2122 focos,

197 2137 411 2192 mermereuequet
400 2134 446 2182 tibi
457 2136 538 2191 caput,
548 2134 702 2193 ignicolorius
712 2134 774 2192 alas,

224 2205 251 2251 in
260 2221 351 2252 morem
361 2205 459 2260 p1cta
436 2220 447 2251 s
448 2204 511 2251 tebit
521 2204 597 2250 Amor
606 2203 729 2258 pharetra.

197 2273 269 2330 adsis,
280 2273 439 2330 ocylherea.
434 2273 512 2318 ·tuus
521 2274 547 2318 te
561 2273 650 2319 Caesar
660 2269 765 2328 Olympo

224 2343 249 2388 et
260 2341 398 2390 Surrentini
407 2340 485 2388 litoris
495 2356 538 2388 ere
547 2341 625 2388 vocat.

247 2475 314 2527 (444)

966 1932 974 2117 ι

961 2094 978 2457 l
