1972 3164
370 184 393 224 P.
405 183 526 224 vulsum
538 183 667 225 maliosus

179 281 302 339 fundabit,
313 281 417 350 Curibus
426 282 508 339 parvis
517 283 543 330 et
552 297 658 338 paupere
668 282 737 330 terra

181 351 268 399 missus
277 351 303 398 iu
312 350 441 408 imperium
450 367 575 409 magnum.
605 351 652 399 eui
661 351 746 398 deinde
760 350 855 398 subibit

181 420 233 468 otia
241 420 283 476 qui
291 421 389 476 rumpet
399 420 501 477 patriae,
512 420 648 475 residesque
657 419 764 468 movebit
852 420 854 425 '

182 489 268 536 Tullus
277 489 303 535 in
312 504 382 536 arma
392 489 456 536 viros
466 490 492 536 et
501 488 551 535 iam
562 489 664 536 desueta
672 489 805 544 triumphis

181 558 286 615 agmina
318 557 393 614 Quem
403 557 472 604 iuxta
482 557 591 612 sequitur
597 557 729 605 iactantior
737 559 833 616 Ancus,

181 642 247 674 nunc
265 641 358 682 quoque
379 625 428 672 iam
447 625 548 672 nimium
569 626 678 682 gaudens
701 626 872 682 popularibus·

239 709 312 755 auris.

182 763 226 812 Vis
235 764 261 810 et
271 762 414 818 Tarquinios
424 777 494 818 reges
503 761 656 818 animamque
666 762 795 818 superbam

181 830 268 879 ultoris
278 831 352 877 Bruti
361 831 485 886 fascesque
493 831 576 878 videre
585 833 711 888 receptos?
871 866 873 870 ι

183 898 293 947 Consulis
302 899 430 954 imperium
439 899 478 946 hic
488 899 581 954 primus
591 915 721 954 saevasque
732 914 828 947 secures

133 974 172 1012 820
183 968 292 1025 accipiet,
303 969 420 1023 natosque
430 969 501 1023 pater
509 983 573 1015 nova
582 968 646 1015 bella
654 969 781 1015 moventes

182 1037 214 1085 ad
223 1051 324 1093 poenam
334 1035 436 1092 pulchra
444 1051 488 1091 pro
496 1036 610 1084 libertate
620 1037 724 1093 vocabit,

182 1106 275 1153 infelix.
305 1104 443 1160 Utcumque
450 1105 531 1152 terent
540 1120 570 1153 ea
578 1104 647 1152 iacta
655 1105 768 1162 minores,

182 1175 264 1222 vincet
274 1188 342 1221 amor
351 1173 445 1228 patriae
454 1173 600 1229 laudumque
610 1173 729 1220 immensa
739 1173 836 1228 cupido.

183 1242 248 1300 Quin
258 1241 345 1290 Decios
355 1243 495 1297 Drusosque
505 1242 589 1298 procul
599 1256 744 1298 saevumque
754 1241 836 1289 securi

183 1311 261 1366 aspice
271 1312 421 1367 Torquatum
430 1313 456 1358 et
464 1310 610 1358 referentem
620 1311 690 1367 signa
701 1310 842 1358 Camillum.

183 1379 244 1426 Illae
254 1380 344 1436 autem,
356 1379 454 1435 paribus
464 1393 524 1433 quas
533 1378 628 1434 fulgere
638 1379 716 1426 cernis
726 1378 752 1424 in
762 1377 838 1424 armis

183 1447 313 1495 concordes
319 1447 413 1494 animae
422 1449 521 1494 nuncet
532 1446 590 1493 dum
600 1449 671 1494 nocte
682 1447 837 1502 premuntur,

183 1515 232 1564 heu
241 1516 359 1571 quantum
368 1515 434 1562 inter
443 1530 469 1562 se
477 1514 576 1571 bellum,
587 1514 608 1561 si
617 1514 710 1561 lumina
719 1514 785 1561 vitae

184 1583 320 1641 attigerint,
330 1586 434 1639 quantas
444 1583 505 1631 acies
515 1584 667 1638 stragemque
678 1582 784 1639 ciebunt,

135 1658 172 1706 830
184 1652 312 1710 aggeribus
322 1667 389 1699 socer
398 1652 494 1708 Alpinis
502 1653 574 1706 atque
585 1661 640 1697 arce
650 1650 760 1697 Monoeci

184 1720 337 1775 descendens,
347 1735 422 1776 gener
431 1719 539 1767 adramis
548 1719 684 1766 instructus
694 1718 751 1765 Eois
760 1720 766 1765 l

183 1790 230 1847 Ne,
245 1787 320 1844 pueri,
330 1788 442 1834 natanta
452 1787 539 1835 animis
549 1787 679 1834 assuescite
690 1785 761 1843 bella,

183 1873 232 1905 neu
241 1857 335 1913 patriae
345 1855 438 1903 validas
447 1855 473 1902 in
482 1856 576 1903 viscera
585 1855 675 1902 vertite
684 1855 747 1901 vires
756 1873 762 1910 ;

183 1928 258 1981 tuque
268 1925 342 1982 prior,
353 1926 382 1970 tu
392 1939 473 1981 parce,
484 1939 560 1981 genus
570 1923 612 1980 qui
621 1923 689 1971 ducis
700 1923 819 1980 Olymp05

184 1995 272 2053 proiice
281 1993 331 2041 tela
340 2009 423 2049 manu,
434 1993 534 2050 sanguis
543 2008 620 2040 meus.

184 2065 230 2112 Ille
239 2063 391 2118 triumphata
401 2061 522 2117 Capitolia
531 2062 561 2109 ad
572 2061 624 2108 alta
635 2059 753 2108 Corintho

183 2133 262 2181 victor
271 2134 328 2191 aget
338 2146 445 2186 currum,
456 2131 531 2177 caesis
541 2129 642 2187 insignis
652 2128 760 2175 Achivis.

185 2201 264 2249 Eruet
273 2201 314 2249 ille
323 2201 405 2258 Argos
414 2199 664 2255 Agamemnoniasque
674 2198 791 2253 Mycenas

184 2271 310 2327 ipsumque
318 2268 448 2323 Aeaciden,
456 2283 532 2324 genus
543 2265 711 2322 armipotentis
719 2264 819 2320 Achilli,

138 2347 174 2393 840
186 2338 253 2386 ultus
262 2353 320 2385 avos
331 2336 417 2384 Troiae
426 2336 519 2391 templa
528 2337 553 2382 et
560 2336 680 2382 temerata
689 2333 823 2379 Minervae.

186 2406 244 2462 Quis
254 2408 288 2462 te,
299 2420 386 2461 magne
399 2404 470 2460 (tato,
480 2403 584 2450 tacitum
598 2403 641 2449 aut
651 2403 684 2457 te,
696 2401 777 2456 Oosse,
789 2399 860 2447 relin-

245 2476 303 2529 quat
311 2477 321 2520 P

233 2541 240 2590 t
250 2544 286 2590 264
295 2541 303 2591 1
