1972 3164
473 180 548 220 enus

127 285 163 323 160
173 291 246 324 aurea
255 275 360 332 fulgenti
369 277 511 332 depromens
521 277 571 324 tela
581 277 705 334 pharetra,

173 346 228 402 (heu
238 344 337 392 nimiam
347 345 444 402 teritur,
454 345 555 392 nimium
565 347 663 402 corytus
673 346 698 392 in
708 355 773 392 usust
781 346 801 401 Ι)

173 413 272 469 virginis
282 413 308 459 in
317 415 401 460 tenera
411 413 526 460 defixerat
536 413 617 460 omnia
626 414 715 460 mente.

202 482 268 538 Quae
279 481 349 528 simul
360 497 388 528 ao
398 482 464 528 venis
474 481 556 528 hausit
566 481 703 528 sitientibus
712 481 793 536 ignem

173 552 199 596 et
208 549 314 596 validum
323 549 419 604 penitus
430 549 538 604 concepit
547 549 573 595 in
583 565 637 596 ossa
646 549 762 604 furorem,

174 632 246 665 saeva
256 617 322 664 velut
332 617 415 673 gelidis
426 617 539 664 Edonum
549 617 657 664 Bistonis
667 615 715 662 oris

173 686 252 732 ictave
261 685 386 732 barbarico
397 684 496 741 Oybsles
506 685 618 733 antistita
627 686 699 740 buxo¹

174 753 258 800 infelix
267 752 336 811 virgo
344 754 399 800 tota
407 753 541 800 bacchatur
550 753 576 800 in
585 753 653 812 urbe,

174 837 223 869 non
233 824 327 869 storace
336 821 409 868 Idaeo
418 821 552 878 fragrem
562 822 640 870 tincta
649 823 756 880 capillos,

175 889 271 937 coccina
280 905 328 936 non
337 889 427 937 teneris
438 890 538 946 pedibus
549 890 660 947 Sicyonia
669 907 777 947 servans,

129 975 166 1011 170
175 973 224 1005 non
233 959 303 1005 niveo
312 958 418 1005 retinens
427 957 515 1006 bacato
525 959 623 1006 monilia
632 960 700 1007 collo.

175 1027 280 1074 multum
289 1026 324 1072 illi
334 1026 427 1074 incerto
435 1027 560 1082 trepidant
570 1028 672 1084 vestigia
682 1042 768 1074 cursu:

175 1109 245 1151 saepe
254 1095 318 1142 redit
327 1095 418 1151 patrios
428 1095 572 1142 adscendero
582 1095 676 1150 perdita
685 1108 775 1148 muros,

176 1163 299 1219 aeriasque
308 1163 369 1210 facit
378 1178 476 1210 causam
486 1178 511 1210 so
520 1163 597 1210 visere
606 1164 689 1210 turres
698 1181 705 1218 ;

175 1246 246 1286 saepo
256 1231 330 1278 etiam
339 1231 421 1277 tristes
431 1231 528 1277 volvens
537 1230 563 1276 in
572 1231 642 1278 nocte
652 1231 778 1288 querellas,

176 1299 271 1346 sedibus
280 1313 311 1345 ex
319 1299 375 1345 altis
386 1297 450 1345 Celei
460 1297 599 1354 speculatur
608 1314 713 1347 amorem

176 1369 303 1422 castraque
313 1367 453 1422 prospectat
463 1365 554 1414 crebris
564 1367 671 1414 lucentia
680 1368 792 1416 flammis.

176 1435 245 1482 nulla
254 1435 333 1482 colum
342 1434 418 1490 novit,
430 1449 513 1481 carum
522 1449 571 1481 non
580 1435 678 1491 respicit
687 1452 784 1492 aurum,

176 1519 225 1550 non
235 1504 324 1559 argute
333 1504 420 1549 sonant
429 1502 497 1549 tenui
507 1503 623 1557 psalteria
632 1505 729 1561 chorda,

177 1588 226 1619 non
236 1571 326 1628 Libyco
334 1571 418 1618 molles
428 1571 578 1626 plauduntur
588 1573 681 1628 pectine
690 1573 762 1620 telae.

132 1645 168 1684 180
177 1640 259 1687 nullus
268 1640 294 1686 in
304 1655 345 1688 oro
354 1640 439 1687 rubor:
453 1640 495 1687 ubi
504 1655 553 1687 non
562 1641 636 1687 rubor
645 1642 726 1689 obstat
736 1641 828 1689 amori?

178 1711 250 1764 atquo
260 1708 302 1754 ubi
311 1708 379 1755 nulla
388 1708 458 1755 melis
467 1709 558 1764 reperit
568 1708 658 1757 solacia
667 1709 744 1758 tantis

177 1777 358 1832 tabidulamquc
368 1776 433 1824 videt
443 1777 492 1824 labi
501 1792 544 1833 per
553 1776 646 1825 viscora
655 1779 767 1835 mortem,

178 1860 225 1901 quo
234 1847 305 1892 vocat
314 1846 349 1892 ire
358 1845 433 1902 dolor,
444 1845 560 1901 subigant
569 1861 616 1901 quo
625 1847 725 1894 tendere
734 1847 796 1903 fata,

178 1914 259 1960 fertur
269 1915 294 1961 et
303 1913 414 1961 horribili
423 1929 537 1970 praeceps
546 1914 673 1970 inpellitur
682 1916 771 1971 oestro,

178 1983 207 2029 ut
217 1982 302 2039 patris,
313 1999 328 2030 a
338 1983 443 2039 demens,
454 1983 545 2030 crinem
555 1983 584 2030 de
594 1983 684 2030 vertice
694 1985 787 2030 sectum

179 2050 310 2105 furtimque
320 2053 408 2106 arguto
418 2051 544 2098 detonsum
554 2050 662 2097 mitteret
672 2050 737 2097 hosti
747 2068 754 2106 ;

179 2133 282 2174 namquo
292 2119 351 2166 haec
358 2118 465 2165 condicio
473 2118 574 2164 miserae
585 2117 728 2173 proponitur
737 2132 795 2173 una,

180 2187 229 2234 sive
239 2187 281 2232 illa
291 2186 404 2242 ignorans
415 2185 476 2242 (quis
486 2201 535 2232 non
544 2186 621 2232 bonus
631 2185 712 2232 omnia
721 2185 791 2231 malit

181 2255 285 2311 credere,
296 2270 367 2309 quam
377 2255 448 2300 tanto
457 2253 553 2300 sceleris
562 2255 678 2301 damnare
689 2252 794 2308 puellam
801 2253 828 2308 Ρ),

135 2336 170 2373 190
181 2323 229 2370 beu
238 2324 320 2369 tamen
329 2321 414 2368 infelix
423 2342 428 2368 :
442 2321 500 2377 quid
506 2321 570 2368 onim
577 2321 735 2377 inprudentia
742 2321 855 2376 prodest?

181 2393 240 2440 Niso
250 2394 329 2448 pater,
340 2391 379 2438 cui
388 2391 484 2446 direpta
494 2390 624 2437 crudeliter
633 2390 693 2439 urbe

181 2462 222 2507 vix
231 2461 278 2507 erit
287 2476 337 2507 una
347 2475 418 2515 super
428 2459 495 2506 sedes
505 2459 531 2506 in
539 2459 649 2506 turribus
659 2458 724 2513 altis,

229 2530 237 2576 (
246 2531 281 2578 463
290 2529 299 2576 )
