1972 3164
360 332 383 371 P.
396 331 516 373 vultam
528 333 658 374 HABONIS

168 428 223 474 orta
232 426 292 485 dies,
302 443 358 476 cum
368 429 473 486 primum
483 431 533 478 alto
543 446 568 478 se
576 431 674 489 gurgite
684 432 777 481 tollunt

168 495 225 542 solis
234 495 290 552 equi
298 495 423 554 lucemque
433 498 503 546 elatis
513 498 612 546 nasibus
621 499 705 547 efflant
718 521 724 548 ι

168 578 282 621 campum
292 565 324 612 ed
336 568 459 614 cei-tmen
467 582 569 624 magnae
579 567 624 615 sub
633 567 761 616 moenibus
769 569 840 618 urbis

168 633 272 682 dimensi
280 634 414 691 Rutulique
424 635 472 682 viri
480 635 614 692 Teucrique
623 637 756 696 parabant,

168 701 196 749 in
205 703 329 758 medioque
338 702 405 751 focos
414 705 440 750 et
450 703 487 750 dis
497 705 664 752 communibus
677 721 735 753 aras

170 771 315 829 gramineas,
326 771 368 817 alii
377 771 515 828 fontemque
524 773 651 830 ignemque
660 773 786 832 ferebant,

123 859 159 888 120
170 839 244 886 valeti
254 839 311 886 limo
320 840 346 886 et
355 839 460 887 verbena
468 842 579 897 tempora
587 842 671 889 vincti.

171 908 283 956 Procedit
292 907 356 964 legio
365 907 524 966 Ausonidum,
534 909 657 965 pilatmue
666 909 745 965 plenis

170 976 268 1033 agmina
277 991 303 1023 se
313 975 420 1023 tundunt
430 978 515 1033 portis.
542 977 611 1024 Hinc
620 979 709 1025 'llroius
719 979 799 1027 omnis

170 1044 356 1101 Tyrrhenusque
366 1044 416 1091 ruit
426 1045 499 1093 variis
509 1046 628 1094 exercitus
639 1047 723 1103 armis,

169 1112 236 1160 haud
245 1127 312 1160 secus
326 1112 441 1160 instructi
450 1114 524 1171 ferro,
534 1128 606 1170 quam
616 1113 637 1161 si
647 1129 735 1169 aspera
743 1115 836 1162 Martis

170 1196 253 1239 pugne
262 1182 332 1228 vocet
341 1200 347 1238 ;
360 1196 405 1228 nec
414 1196 462 1228 non
472 1183 555 1229 mediis
565 1183 590 1229 in
600 1182 706 1229 millibus
717 1183 765 1239 ipsi
824 1210 828 1215 ·

170 1249 282 1297 duobres
292 1264 352 1296 auro
361 1250 465 1297 volitant
474 1253 585 1306 ostroque
595 1251 701 1308 superbi,

170 1318 196 1365 et
205 1333 281 1375 genus
291 1317 404 1365 Assaraci
414 1319 555 1366 Mnestheus
565 1321 590 1366 et
599 1319 671 1366 fortis
681 1319 765 1367 Asilas

170 1387 196 1433 et
206 1386 333 1441 Messapus
343 1401 430 1442 equum
440 1387 552 1443 domitor,
562 1387 688 1443 Neptunia
698 1387 788 1443 proles.

171 1453 253 1509 thue
264 1454 322 1501 dato
332 1454 400 1510 signo
410 1454 489 1510 spatia
497 1455 524 1501 in
533 1470 577 1502 sua
586 1455 685 1510 quisque
695 1456 806 1513 recessit,

124 1537 160 1574 ¹3⁰
171 1522 279 1578 defigunt
288 1521 376 1569 tellure
386 1522 469 1570 hastas
479 1524 504 1571 et
513 1525 583 1570 scuta
592 1523 721 1570 reclinant.

171 1591 234 1638 Tum
244 1590 325 1637 studio
335 1590 425 1638 effusae
435 1593 525 1638 matres
535 1592 561 1638 et
570 1591 656 1648 vulgus
666 1591 789 1638 inermum

170 1659 315 1714 invalidique
326 1674 394 1706 senes
404 1661 485 1706 turres
495 1675 523 1706 ac
532 1660 598 1706 tecta
608 1659 734 1706 domorum

169 1727 291 1784 obsedere,
301 1727 342 1774 alii
351 1727 428 1784 portis
436 1727 576 1774 sublimibus
586 1729 678 1774 astant.

198 1796 234 1842 At
244 1797 307 1843 Iuno
317 1811 330 1843 e
340 1810 442 1852 summo,
453 1795 495 1850 qui
504 1811 569 1842 nunc
579 1795 690 1843 Albanus
699 1795 807 1843 babetur

171 1865 234 1921 (tum
244 1879 412 1920 nequenomen
422 1866 475 1911 erat
485 1864 609 1912 nechonos
616 1866 660 1910 aut
665 1863 745 1920 gloria
752 1863 845 1921 monti),

170 1932 317 1989 prospiciens
327 1932 423 1979 tumulo
433 1948 544 1988 campum
554 1933 696 1988 aspectabat
705 1934 730 1979 et
740 1931 825 1979 ambas

170 2002 321 2049 Laurentum
331 2002 469 2057 Troumque
479 2001 541 2048 acies
552 2000 682 2056 urbemque
692 2000 785 2048 Latini.

170 2068 300 2124 Extemplo
310 2069 388 2114 Turni
399 2069 480 2115 siccet
490 2069 567 2116 affata
577 2084 682 2116 sororem

171 2137 226 2185 diva
236 2137 312 2194 deam,
324 2137 416 2193 stagnis
427 2153 487 2193 quae
497 2137 681 2192 fluminibusque
691 2137 785 2184 sonoris

124 2223 161 2259 140
171 2206 291 2262 praesidet
300 2225 306 2262 ;
321 2206 386 2253 hunc
396 2205 432 2253 illi
441 2221 484 2252 rex
493 2205 598 2252 aetheris
607 2205 672 2251 altus
682 2204 801 2252 bonorem

171 2274 282 2330 Iuppiter
292 2276 375 2330 erepta
384 2290 428 2330 pro
438 2273 578 2329 virginitate
588 2273 708 2320 sacravit:

172 2342 178 2364 ‘
187 2342 310 2398 Nympha,
333 2343 405 2390 decus
433 2342 569 2398 fluviorum,
599 2340 679 2388 animo
706 2340 849 2396 gratissima

226 2413 317 2467 nostro,

170 2478 216 2525 scis
226 2480 255 2524 ut
264 2482 290 2525 te
300 2477 392 2525 cunetis
402 2492 484 2534 unam,
496 2491 658 2532 quaecumque
668 2474 774 2524 Latinae

170 2546 319 2601 magnanimi
329 2546 392 2592 Iovis
402 2546 526 2602 ingratum
536 2544 664 2592 ascendere
674 2543 763 2602 cubile,

170 2613 327 2669 praetulerim
338 2613 443 2670 caelique
453 2613 529 2661 libens
539 2612 565 2660 in
575 2614 646 2668 parte
655 2612 769 2660 locatim:

216 2678 286 2733 (⁴08)
