1972 3164
321 183 432 223 AENEIS.
458 185 469 222 1

53 279 187 336 dispulerat
196 279 338 335 penitusque
348 280 407 327 alias
417 281 533 327 avexerat
543 294 606 328 oras.

54 347 188 403 Obstupuit
198 347 269 394 simul
278 347 337 405 ipse,
349 348 420 395 simul
430 363 557 403 percussus
567 347 674 395 Achates

53 416 195 471 laetitiaque
205 418 331 472 metuque:
347 417 412 463 ovidi
421 417 568 474 coniungere
579 417 678 464 dextras

55 484 185 540 ardebant,
195 484 238 531 sed
246 500 285 532 res
295 484 388 532 animos
397 485 523 541 incognito
531 485 626 532 turbat.

60 551 232 609 Dissimulant,
242 554 268 600 et
277 553 341 601 nube
351 569 410 601 cava
420 552 577 609 speculantur
586 554 677 611 amicti,

56 637 118 679 quae
128 620 231 668 fortuna
240 621 307 678 viris,
318 621 418 668 classem
429 636 475 676 quo
482 621 554 668 litore
563 622 683 678 linquant,

57 689 115 746 quid
124 689 227 736 veniant
239 706 244 736 ε
259 690 353 737 cunctis
362 684 420 736 nam
429 690 486 738 lecti
496 691 596 738 navibus
606 691 676 738 ibant

57 759 156 806 orantes
165 757 270 814 veniam,
280 759 307 804 et
316 759 434 814 templum
444 758 547 806 clamore
557 759 680 814 petebant.
793 805 796 809 .

10 852 46 890 520
87 827 220 881 Postquam
228 826 372 884 introgressi
381 828 407 873 et
417 841 498 873 coram
509 827 567 873 data
578 827 647 882 copia
658 827 734 883 fandi,

58 894 178 941 maximus
188 894 294 941 llioneus
303 894 397 950 placido
407 895 441 942 sic
450 897 547 951 pectore
557 895 650 950 coepit:

59 962 66 984 ‘
76 962 98 1010 Ο
108 961 201 1019 regina,
211 977 299 1009 novam
309 962 348 1010 cui
359 963 459 1010 condere
470 964 580 1018 Iuppiter
589 963 674 1010 urbem

59 1030 201 1086 iustitiaque
211 1031 278 1078 dedit
287 1032 371 1087 gentes
381 1031 476 1078 frenare
487 1031 611 1088 superbas,

59 1098 136 1146 Troes
145 1099 170 1145 te
180 1099 269 1155 miseri,
279 1099 357 1146 ventis
367 1099 445 1145 maria
454 1099 534 1146 omnia
544 1099 616 1156 vecti,

57 1180 171 1214 mamus:
185 1167 283 1222 prohibe
292 1166 403 1214 infandos
413 1182 428 1213 a
437 1167 538 1213 navibus
548 1167 624 1224 ignes,

59 1246 133 1291 parce
142 1233 181 1288 pio
190 1234 282 1291 generi,
292 1236 318 1281 et
336 1234 434 1290 propius
444 1251 483 1282 res
494 1235 573 1290 aspice
583 1237 687 1281 nostras.

59 1303 120 1349 Non
128 1313 172 1348 nos
182 1304 226 1349 aut
235 1302 301 1349 ferro
311 1302 412 1358 Libycos
422 1303 538 1358 populere
548 1304 648 1357 penates

60 1369 180 1427 venimus,
190 1372 233 1418 aut
242 1372 327 1426 raptas
337 1371 368 1417 ad
375 1371 447 1418 litora
456 1372 550 1418 vertere
560 1370 662 1426 praedas
670 1389 687 1430 ;y

61 1453 113 1486 non
122 1453 151 1485 ea
157 1438 193 1484 vis
203 1439 284 1486 animo
292 1454 338 1486 nec
346 1440 418 1486 tanta
427 1439 540 1494 superbia
549 1438 627 1486 victis.

10 1528 49 1565 ⁵30
62 1507 112 1554 Est
121 1507 195 1564 locus,
209 1507 354 1563 Hesperiam
364 1507 432 1554 Graii
441 1507 582 1564 cognomine
594 1506 687 1563 dicunt,

62 1578 132 1623 terra
141 1576 248 1632 antiqua,
259 1576 344 1632 potens
354 1576 428 1622 armis
438 1578 510 1631 atque
519 1575 593 1622 ubere
600 1575 700 1631 glaebae
708 1594 714 1630 ;

62 1643 165 1693 Oenotri
174 1643 268 1691 coluere
277 1643 338 1700 riri3
352 1659 416 1691 nuno
426 1644 495 1690 fama
511 1644 614 1690 minores

62 1712 162 1760 Italiam
172 1711 258 1759 dixisse
267 1711 334 1759 ducis
344 1712 374 1759 de
383 1712 480 1759 nomine
489 1713 603 1768 gentem3

62 1781 104 1829 hic
114 1795 199 1826 cursus
208 1780 266 1837 fuit,

64 1864 121 1897 cum
132 1847 211 1894 subito
220 1863 349 1905 assmrgens
358 1848 437 1896 fluctu
448 1848 570 1896 nimbosus
581 1849 657 1896 Orion

63 1917 91 1965 in
102 1916 165 1963 vada
174 1931 245 1963 moa
253 1917 320 1974 tulit,
331 1917 473 1972 penitusque
486 1917 626 1972 procacibus
641 1916 741 1963 Austris

65 1999 157 2043 perque
166 1985 243 2032 undas
253 1987 384 2040 superante
393 1985 444 2031 salo
453 2000 541 2041 perque
550 1985 617 2032 invia
627 2000 686 2031 saxa

66 2052 183 2109 dispulit:
197 2053 245 2100 huo
255 2053 326 2109 pauci
336 2054 423 2100 vestris
433 2053 577 2100 annovimus
588 2053 643 2099 oris.

68 2121 140 2178 Quod
149 2136 225 2177 genus
235 2121 281 2168 hoo
290 2121 414 2168 hominum
424 2123 434 2168 Ρ
448 2135 539 2177 quaeve
551 2120 616 2166 hunc
625 2121 676 2166 tam
689 2119 744 2165 bar-

125 2188 187 2236 bara
195 2204 286 2237 morem
803 2241 805 2246 y

10 2286 55 2324 540
68 2258 194 2316 permittit
204 2257 303 2313 petria?
316 2257 421 2312 hospitio
432 2256 587 2313 prohibemur
597 2255 716 2309 harenae;

68 2326 136 2375 bella
146 2326 218 2382 cient,
229 2325 353 2380 primaque
362 2327 448 2371 vetant
458 2324 587 2371 consistere
597 2323 672 2368 terra.

70 2396 100 2444 si
108 2409 187 2451 genus
196 2394 330 2440 humanum
340 2394 365 2439 et
374 2392 487 2440 mortalia
496 2390 606 2438 temnitis
616 2404 693 2445 arma,

118 2543 127 2592 (
179 2493 216 2591 318.
237 2489 467 2532 'quidvemantounctl'
475 2486 529 2524 codd.
537 2486 635 2523 nonnulli.

136 2556 172 2594 129
398 2549 412 2580 a
