1972 3164
363 165 386 204 P.
398 164 518 205 VERGILI
532 164 663 205 MARONIS

175 265 334 320 exercentque
342 263 390 310 viri
399 262 562 320 Pactolusque
570 262 661 319 irrigat
671 277 742 310 auro.

175 333 257 379 Affuit
266 334 291 380 et
301 332 453 389 Mnestheus,
463 346 533 387 quem
544 330 609 386 pulsi
619 330 727 386 pristinu
736 329 813 378 Turni

175 416 264 458 aggere
273 415 398 448 murorum
408 399 534 447 sublimem
543 399 623 455 gloria
631 399 708 456 tollit,

176 472 202 517 et
211 470 291 527 Capys
300 492 306 518 ι
321 470 377 517 hinc
386 484 474 516 nomen
484 471 624 525 Campanae
634 468 736 516 ducitur
745 467 809 516 urbi.

205 539 245 586 Illi
254 539 320 586 iuter
329 553 380 586 sese
389 538 445 585 duri
454 537 588 586 certamina
597 536 656 584 belli

176 606 330 654 contulerant
340 628 346 654 ε
360 606 439 654 media
446 606 542 654 Aeneas
552 605 618 653 freta
626 607 701 654 nocte
711 605 818 654 secabat.

147 672 150 675 ’
176 676 288 730 Namque
297 677 327 722 ut
336 674 367 722 ab
377 674 492 722 Evandro
501 674 587 722 castris
597 674 724 732 ingressus
735 673 853 730 Etruscis,

176 758 258 799 regem
269 743 321 790 edit
330 744 356 790 et
365 742 417 798 regi
425 743 544 789 memorat
553 757 691 797 nomenque
700 756 832 798 genusque,

130 829 166 865 150
177 812 264 868 quidve
274 812 342 866 petet
351 810 438 866 quidve
446 810 498 867 ipse
507 810 580 867 ferat,
592 810 731 858 Mezentius
740 825 812 857 arma

178 895 239 934 quae
249 879 295 926 sibi
305 878 423 935 conciliet,
433 879 586 934 violentaque
596 879 698 934 pectora
707 879 790 926 Turni

177 949 268 1004 edocet,
279 947 392 994 humanis
401 962 463 1002 quae
473 947 505 994 sit
515 946 604 995 fiducia
613 946 686 994 rebus

177 1017 291 1064 admonet
319 1015 483 1071 immiscemus
505 1030 588 1071 preces
600 1035 606 1062 ι
633 1015 702 1062 haud
727 1015 758 1062 fit
781 1031 854 1072 mora,

235 1083 347 1132 Tarchon

177 1152 257 1208 iungit
267 1167 323 1208 opes
332 1152 463 1209 foedusque
472 1152 553 1210 feret;
566 1153 620 1199 tum
630 1151 709 1199 libera
718 1152 767 1199 fati

178 1222 278 1269 classem
289 1221 429 1269 conscendit
437 1221 509 1269 iussis
519 1236 579 1280 gens
589 1220 668 1276 Lydia
677 1221 772 1278 divum,

178 1292 278 1337 externo
287 1289 414 1337 commissa
422 1289 486 1337 duci.
516 1289 607 1336 Aeneis
616 1287 706 1344 puppis

178 1358 257 1414 prima
266 1358 342 1414 tenet,
352 1359 432 1404 rostro
440 1358 560 1414 Phrygios
571 1357 701 1405 subiuncta
710 1356 802 1413 leones,

177 1425 288 1473 imminet
297 1425 344 1472 Ida
353 1440 434 1483 super,
445 1425 556 1482 profugis
565 1424 706 1482 gratissima
716 1423 828 1472 Teucris.

179 1495 228 1541 Hic
238 1509 340 1550 maguus
350 1494 417 1542 sedet
426 1495 521 1542 Aeneas
531 1508 658 1550 secumque
668 1493 768 1542 volutat

132 1573 168 1610 160
179 1564 280 1609 eventus
289 1561 347 1609 belli
355 1562 443 1620 varios,
454 1562 583 1618 Pallasque
592 1562 692 1609 sinistro

179 1631 264 1678 affixus
274 1630 346 1677 lateri
355 1630 403 1677 iam
413 1626 508 1686 quaerit
518 1631 604 1688 sidera,
615 1645 706 1686 opscos

179 1699 256 1746 noctis
266 1699 320 1756 iter,
331 1699 380 1745 iam
390 1714 451 1754 quae
460 1714 545 1754 passus
555 1700 669 1754 terraque
676 1698 796 1754 marique.

207 1767 311 1814 Pandite
320 1783 385 1814 nunc
394 1767 521 1823 Helicona,
532 1768 599 1823 deae,
610 1768 745 1822 cantusque
753 1767 855 1822 movete,

179 1852 240 1892 quae
249 1851 336 1882 menne
345 1836 439 1883 interea
448 1836 532 1883 Tuscis
542 1836 671 1883 comitetur
681 1835 713 1882 ab
722 1835 773 1882 oris

179 1905 287 1961 Aenean,
298 1905 422 1960 armetque
432 1905 497 1951 rates
507 1904 639 1961 pelagoque
649 1903 763 1951 vehatur.

207 1973 325 2021 Massicus
336 1975 420 2020 aerata
429 1972 540 2028 princeps
550 1974 616 2020 secat
626 1987 732 2027 aequora
742 1971 813 2028 Tigri
823 1993 829 2019 ε

180 2042 225 2089 sub
234 2057 281 2098 quo
290 2041 354 2088 mille
365 2056 450 2088 manus
460 2041 583 2098 iuvenum,
594 2041 635 2096 qui
644 2040 740 2087 moenia
750 2040 820 2087 Clusi

180 2110 266 2167 quique
276 2109 361 2156 urbem
370 2109 461 2165 liquere
472 2108 553 2165 Cosas,
564 2108 617 2164 quis
627 2107 677 2155 tela
687 2107 794 2164 sagittae

180 2179 306 2235 gorytique
315 2178 379 2225 leves
389 2177 478 2224 umeris
488 2178 513 2224 et
522 2175 605 2223 letifer
614 2191 693 2224 arcus.

133 2262 169 2297 17⁰
180 2247 238 2293 Una
246 2248 330 2293 torvus
340 2245 420 2292 Abas:
434 2244 491 2292 huic
501 2245 581 2291 totum
590 2243 725 2300 insignibus
735 2244 812 2290 armis

180 2330 267 2370 agmen
277 2317 302 2361 et
311 2314 398 2360 aurato
406 2312 516 2369 fulgebat
523 2312 635 2368 Apolline
645 2313 741 2368 puppis.

181 2381 309 2429 Sescentos
319 2381 355 2428 illi
365 2381 464 2428 dederat
474 2380 609 2437 Populonio
618 2382 698 2427 mater

180 2451 291 2505 expertos
301 2450 357 2497 belli
366 2451 472 2507 iuvenes,
482 2452 520 2496 ast
530 2450 584 2496 Ilva
592 2451 714 2497 trecentos

227 2517 297 2566 (3⁵0)
