1972 3164
441 155 552 195 AENEIS.

174 248 211 296 At
220 248 306 296 domus
315 249 417 299 interior
425 252 503 309 regali
512 252 639 308 splendida
648 253 707 300 luxu

173 316 313 376 instruitur,
324 318 453 374 mediisque
463 321 552 376 parant
562 320 672 368 convivia
680 322 765 369 tectis:

173 387 229 433 arte
238 385 362 433 laboratae
372 388 450 434 vestes
460 389 572 444 ostroque
582 389 695 446 superbo,

123 465 162 512 ⁶⁴0
172 452 260 510 ingens
270 456 399 510 argentum
409 456 507 512 mensis,
518 456 659 514 caelataque
668 458 694 504 in
704 474 764 506 auro

172 522 251 570 fortia
260 522 328 570 facta
337 525 445 582 patrum,
457 525 530 572 series
539 525 679 582 longissima
689 543 770 574 rerum

171 605 216 648 per
225 593 264 638 tot
274 592 348 639 ducta
358 592 422 639 viros
432 593 535 648 antiqua
544 593 575 640 ab
585 594 676 650 origine
686 596 774 652 gentis.

201 659 296 706 Aeneas
306 660 392 717 (neque
402 661 468 707 enim
479 662 574 716 patrius
584 663 714 712 consistere
724 667 829 713 mentem

170 743 258 785 passus
272 730 349 785 amor)
363 730 475 785 rapidum
489 730 521 777 ad
534 746 608 778 naves
621 733 757 788 praemittit
771 734 850 782 Acha·

228 799 279 854 ten,

171 865 278 912 Ascanio
288 865 353 912 ferat
363 866 433 921 haec,
444 865 571 923 ipsumque
581 868 612 914 ad
620 869 715 916 moenia
724 871 811 926 ducat3

170 933 250 980 omnis
260 933 286 979 in
295 934 403 981 Ascanio
414 934 465 981 cari
475 936 525 982 stat
536 951 595 982 cura
604 938 721 991 parentis.

170 1002 277 1048 Munera
286 1004 413 1057 praeterea
423 1002 507 1050 Iliacis
518 1005 602 1060 erepta
611 1005 688 1052 ruinis

170 1070 238 1117 ferre
247 1069 323 1127 iubet,
334 1071 425 1127 pallam
436 1071 511 1128 signis
521 1087 627 1128 auroque
637 1073 757 1129 rigentem

169 1140 198 1186 et
208 1138 394 1186 circumtextum
405 1154 487 1186 croceo
495 1140 606 1186 velamen
617 1142 731 1196 acantho,

122 1218 159 1266 550
170 1207 275 1254 ornatus
286 1207 393 1264 Argivae
404 1207 520 1264 Helenae,
532 1223 590 1264 quos
600 1209 643 1254 illa
648 1209 766 1265 Mycenis,

171 1276 296 1333 Pergama
305 1291 360 1323 cum
370 1277 465 1331 peteret
476 1275 673 1331 inconcessosque
682 1276 834 1334 hymenaeos;

170 1342 307 1401 extulerat,
319 1344 405 1390 matris
416 1344 496 1390 Ledae
505 1343 615 1391 mirabile
625 1344 714 1390 donum
723 1363 729 1401 ;

170 1414 299 1469 praeterea
309 1414 442 1468 sceptrum,
453 1411 530 1458 Ilione
540 1412 603 1467 quod
611 1413 720 1468 gesserat
730 1413 795 1471 olim,

170 1480 278 1527 maxima
289 1483 405 1527 natarum
416 1479 518 1537 Priami,
530 1479 636 1535 colloque
646 1480 734 1528 monile

170 1548 286 1595 bacatum
297 1551 323 1596 et
333 1549 454 1605 duplicem
464 1549 565 1605 gemmis
576 1565 682 1605 auroque
692 1565 813 1597 coronam.

170 1617 242 1664 Haec
255 1616 363 1664 celerans
372 1617 421 1664 iter
431 1618 462 1664 ad
472 1632 546 1664 neves
555 1617 671 1665 tendebat
680 1618 794 1666 Achates.

197 1686 234 1732 At
244 1684 365 1741 Cytherea
373 1700 450 1733 novas
460 1687 535 1743 artes,
546 1701 610 1734 nova
619 1689 716 1743 pectore
725 1689 807 1735 versat

169 1753 280 1811 consilia,
290 1755 320 1800 ut
329 1753 416 1801 faciem
427 1754 538 1800 mutatus
548 1756 573 1801 et
583 1770 627 1802 ora
636 1756 730 1811 Cupido

170 1837 216 1878 pro
226 1822 292 1870 dulci
301 1821 410 1870 Ascanio
419 1822 510 1879 veniat,
521 1823 635 1880 donisque
644 1825 767 1872 furentem

122 1901 158 1939 560
168 1891 284 1938 incendat
294 1890 406 1949 reginam
417 1893 491 1947 atque
500 1892 592 1938 ossibus
602 1892 710 1948 implicet
719 1893 808 1950 ignem.

170 1959 266 2017 Quippe
277 1959 376 2008 domurn
390 1960 462 2007 timet
478 1959 616 2018 ambiguam
634 1961 766 2018 Tyriosque
781 1961 852 2009 bilin-

225 2043 299 2085 Εῐῑθῦἰ

169 2097 220 2143 urit
230 2097 301 2152 atrox
310 2097 381 2154 Iuno,
392 2099 417 2145 et
427 2096 473 2145 sub
482 2100 577 2146 noctem
588 2114 648 2146 cura
656 2099 774 2146 recursat.

169 2166 237 2222 Ergo
245 2165 283 2212 his
293 2165 410 2222 aligerum
420 2166 491 2213 dictis
501 2167 593 2214 affatur
607 2167 721 2213 Amorem
732 2185 738 2211 z

170 2234 177 2256 ‘
188 2234 263 2290 Nate,
274 2249 342 2282 meae
351 2234 425 2292 vires,
435 2250 490 2282 mea
502 2251 592 2292 magna
601 2234 711 2291 potentia
720 2233 793 2288 solus,

168 2304 235 2359 nate,
246 2302 329 2349 Patris
339 2303 429 2350 summi
438 2303 480 2359 qui
489 2303 540 2351 tela
550 2302 660 2360 Typhoia
670 2300 766 2356 temnis,

167 2371 199 2418 ad
208 2372 234 2417 te
242 2371 354 2428 ooniugio
363 2373 389 2418 et
398 2370 500 2427 supplex
509 2373 554 2418 tua
563 2370 665 2417 numina
675 2383 753 2424 posco.

167 2439 258 2486 Frater
266 2440 295 2486 ut
304 2440 399 2486 Aeneas
410 2439 495 2496 pelago
504 2441 563 2486 tuus
573 2438 654 2487 omnia
664 2437 754 2485 circum

216 2507 225 2556 (
235 2521 270 2558 13³
278 2508 287 2555 l
