1972 3164
361 345 383 384 P.
397 344 516 384 vanam
528 343 656 384 MARONIS

169 443 242 490 hasta
251 441 310 490 tulit
320 457 473 498 summasque
481 443 587 490 excussit
595 442 686 490 vertice
695 441 792 489 cristas.

172 513 236 559 Tum
246 527 304 558 vero
313 516 444 568 assurgunt
454 513 518 567 irae3
533 511 671 566 insidiisque
682 511 808 567 subactus,

170 579 276 627 diversos
286 580 328 626 nbi
337 580 412 626 sensit
421 594 495 635 equos
505 594 650 634 currumque
659 579 758 634 referri,

173 649 251 695 multa
261 649 342 695 Iovem
353 650 378 694 et
387 648 446 695 laesi
455 648 560 694 testatus
569 647 673 694 foederis
684 663 750 702 aras,

172 717 221 764 iam
231 717 330 763 tandem
339 716 433 763 invadit
442 716 541 770 medios,
552 717 577 762 et
587 715 668 762 Marte
679 716 787 762 secundo

172 785 287 832 terribilis
297 799 393 831 saevam
403 785 470 830 nullo
479 783 615 830 discrimine
625 784 733 830 caedem·

173 854 284 909 suscitat,
294 853 432 908 irarumque
442 867 525 898 omnes
535 847 639 898 effundit
648 852 766 899 habenas.

124 938 160 974 500
202 921 260 976 Quis
277 921 336 967 mihi
351 935 416 967 nunc
431 921 470 967 tot
485 919 572 966 acerba
587 919 653 975 deus,
673 919 728 974 quis
745 920 852 967 carmine

230 988 313 1035 caedes

173 1057 280 1103 diversas
290 1056 429 1111 obitumque
438 1056 536 1112 ducum,
547 1070 606 1110 ques
616 1070 721 1111 aequore
732 1058 787 1103 toto

173 1125 245 1180 inque
255 1125 331 1171 vicem
341 1140 406 1172 nunc
416 1125 515 1171 Turnus
524 1124 584 1180 agit,
595 1139 660 1171 nunc
671 1125 764 1171 Troius
774 1126 851 1180 heros,

174 1193 300 1248 expediat?
327 1193 431 1239 Tanton'
443 1192 534 1248 placuit
544 1207 687 1239 concurrere
698 1196 779 1251 motu,

175 1261 294 1317 Iuppiter,
309 1263 408 1308 aeterna
417 1263 501 1316 gentes
511 1260 536 1306 in
546 1275 604 1316 pace
613 1260 733 1308 futuras?
874 1225 894 1306 4

175 1330 269 1376 Aeneas
279 1329 399 1376 Rutulum
410 1330 540 1376 Sucronem
551 1332 589 1384 (ea
598 1329 678 1383 prima
688 1333 791 1376 mentes

176 1413 258 1453 pugna
267 1397 318 1444 loco
328 1398 417 1444 statuit
427 1397 541 1453 Teucros)
551 1397 617 1443 haud
627 1397 706 1443 multa
716 1400 856 1446 morantem

175 1465 264 1520 excipit
275 1465 376 1511 inlatus
386 1468 419 1522 et,
430 1481 477 1521 qua
486 1465 540 1512 fata
550 1465 683 1521 celerrima,
694 1467 801 1513 crudum

175 1533 323 1588 transadigit
332 1535 411 1580 costas
421 1535 446 1580 et
456 1536 535 1580 crates
545 1533 649 1588 pectoris
659 1548 752 1582 ensem.

176 1602 273 1648 Turnus
280 1617 340 1656 equo
347 1602 465 1648 deiectum
472 1603 591 1657 Amycum
598 1601 748 1657 fratremque
754 1603 857 1659 Dioren,

127 1689 164 1724 510
177 1685 318 1725 congressus
329 1670 409 1727 pedes,
420 1669 485 1717 hunc
494 1671 630 1717 venientem
640 1671 739 1726 cuspide
750 1671 835 1728 longa,

176 1739 240 1785 hunc
249 1754 361 1786 mucrone
371 1739 429 1785 ferit
440 1754 558 1794 curruque
569 1739 674 1785 abscissa
687 1739 793 1786 duorum

176 1808 301 1862 suspendit
311 1807 399 1864 capita,
411 1809 435 1854 et
446 1807 554 1854 rorantia
561 1807 677 1863 sangnine
686 1810 780 1862 portat.

176 1875 221 1921 Ille
231 1875 308 1921 Talon
318 1876 466 1930 Tanaimque
476 1875 529 1922 neci
538 1875 673 1930 fortemque
683 1877 831 1933 Cethegum,

175 1943 226 1988 tres
236 1956 284 1987 nno
294 1957 432 1998 congressu,
443 1946 468 1989 et
478 1945 597 1990 maestum
608 1944 685 1990 mittit
695 1944 797 2001 Oniten,

175 2025 262 2056 nomen
275 2009 418 2055 Echionium
428 2012 559 2066 matrisque
570 2027 645 2068 genus
656 2011 767 2058 Peridiae
778 2033 784 2068 ;

175 2077 214 2124 hic
224 2077 314 2124 fratres
325 2077 398 2133 Lycia
408 2079 492 2125 missos
502 2083 527 2125 et
537 2080 656 2135 Apollinis
667 2080 741 2136 agris,

176 2149 201 2193 ct
210 2147 320 2193 iuvenem
330 2161 428 2192 exosum
438 2148 581 2202 nequiquam
590 2147 654 2194 bella
664 2149 806 2205 Menoeten,
858 2202 861 2207 ,

176 2215 281 2271 Arcada,
291 2215 397 2271 piscosae
408 2215 446 2262 cui
456 2216 545 2263 circum
555 2217 654 2263 flumina
664 2217 759 2263 Lernae

178 2300 217 2331 ars
228 2285 310 2331 inerat
320 2299 456 2340 pauperque
467 2286 558 2341 domus,
570 2300 613 2332 nec
623 2287 682 2331 nota
691 2287 824 2340 potentum

130 2373 168 2408 520
178 2368 280 2400 munera
290 2353 453 2408 conductaque
463 2355 533 2408 pater
543 2353 629 2400 tellure
639 2353 745 2400 serebat.

179 2421 215 2468 Ac
225 2422 292 2468 velut
302 2421 403 2467 immissi
412 2421 511 2467 diversis
521 2421 631 2476 partibus
640 2421 710 2478 ignes

179 2491 288 2536 arentem
298 2489 324 2536 in
335 2490 420 2536 silvam
430 2491 456 2535 et
465 2488 573 2546 virgulta
582 2490 694 2535 sonantia
704 2489 776 2535 lauro
787 2511 793 2546 ;

129 2585 131 2589 <
179 2558 223 2603 aut
233 2558 273 2603 ubi
283 2558 387 2605 decursu
396 2556 480 2612 rapido
490 2557 519 2603 de
529 2557 650 2603 montibus
660 2557 718 2604 altis

179 2625 239 2671 dant
245 2625 352 2673 sonitum
359 2626 465 2680 spumosi
470 2640 561 2681 amnes,
573 2627 597 2672 et
607 2625 632 2671 in
641 2641 748 2680 aequora
754 2631 862 2674 currunt

227 2692 235 2737 (
245 2692 297 2738 ³20)
