1972 3164
259 537 293 603 P.
325 536 511 602 VERGILI
541 537 754 608 MARONIS

373 709 410 782 A
425 711 459 784 Ε
474 710 512 786 N
526 711 560 784 El
575 712 597 785 I
610 710 640 786 S

464 891 540 918 ..00-

366 997 484 1053 LIBER
507 997 647 1053 NONUS.

167 1129 301 1234 ATQUE
311 1146 340 1178 ea
349 1131 446 1180 diversa
454 1132 551 1189 penitus
560 1131 619 1179 dum
633 1133 705 1188 parte
714 1137 840 1191 geruntur,

234 1199 295 1246 Irim
305 1200 334 1248 de
345 1201 411 1248 caelo
421 1201 487 1249 misit
497 1200 614 1248 Saturnia
624 1200 688 1250 Iuno

167 1267 282 1315 audacem
292 1268 324 1315 ad
334 1269 453 1316 Turnum.
483 1269 550 1317 Luco
558 1270 612 1315 tum
622 1269 687 1316 forte
696 1270 807 1326 parentis

168 1336 274 1382 Pilumni
284 1337 382 1384 Turnus
392 1338 489 1385 saerata
498 1337 561 1384 valle
570 1335 678 1384 sedebat.

167 1404 207 1452 Ad
217 1420 287 1460 quem
298 1404 333 1452 siu
342 1420 411 1453 roseo
421 1404 598 1452 Thaumantias
607 1419 649 1451 ore
658 1405 744 1453 locuta
753 1407 791 1453 est
800 1427 806 1453 :

168 1472 273 1528 ‘Turne
284 1473 349 1528 quod
358 1474 454 1529 optanti
463 1472 545 1520 divum
555 1472 698 1528 promittere
708 1489 781 1521 nemo

166 1540 276 1598 auderet,
286 1541 406 1588 volvenda
415 1542 463 1594 dies
473 1558 504 1590 en
513 1541 598 1589 attulit
608 1542 683 1590 ultro.

166 1609 260 1656 Aeneas
270 1608 329 1655 urbe
339 1611 364 1656 et
375 1610 444 1657 sociis
453 1611 479 1656 st
489 1609 563 1657 classe
573 1609 659 1657 relicta

166 1679 264 1733 sceptra
273 1676 381 1724 Palatini
390 1677 517 1733 sedemque
527 1677 588 1734 petit
599 1677 717 1725 Evandri.

131 1755 155 1781 ¹0
165 1745 218 1793 Nec
229 1745 303 1793 satis:
318 1747 438 1792 extremas
450 1745 550 1802 Corythi
559 1746 695 1800 penetravit
705 1746 739 1793 ud
747 1746 828 1803 nrbes,

165 1815 334 1870 Lydorumque
344 1829 443 1860 manum
453 1812 565 1861 collectos
574 1815 656 1860 armat
665 1816 783 1871 agrestes.

166 1882 229 1938 Quid
244 1882 358 1930 dubitas?
375 1896 440 1929 nune
455 1883 551 1938 tempus
568 1896 648 1938 equos,
663 1898 728 1930 nunc
743 1897 841 1939 poscere

221 1966 315 1998 currus.

164 2017 260 2074 Rumpe
271 2033 350 2065 moras
360 2033 442 2066 omnes
452 2019 477 2065 et
486 2018 588 2066 turbata
597 2019 677 2073 arripe
687 2020 786 2066 castra?

163 2085 244 2143 Dixit,
254 2088 279 2134 et
289 2086 315 2132 in
325 2086 418 2134 eaelum
428 2086 526 2143 paribus
537 2103 563 2134 se
572 2087 672 2134 sustulit
682 2087 737 2146 alis,

162 2153 332 2211 ingentemque
342 2155 402 2211 fuga
412 2155 489 2202 secuit
499 2155 543 2201 sub
553 2155 657 2202 nubibus
667 2170 760 2203 areum.

163 2221 271 2278 Agnovit
280 2222 373 2270 iuvenis
384 2223 537 2279 duplicesque
547 2222 579 2270 ad
589 2222 669 2269 sidera
678 2223 772 2279 palmas

162 2290 271 2348 sustulit,
282 2307 311 2338 ae
321 2291 366 2338 tali
375 2290 509 2347 fugientem
520 2292 558 2337 est
568 2306 625 2338 voce
637 2292 735 2337 secutus
747 2311 752 2337 ε

163 2355 221 2472 ‘Iri(,
231 2356 303 2472 dgnus
313 2359 381 2416 caeli,
391 2359 445 2415 quis
454 2360 480 2406 te
489 2359 549 2406 mihi
558 2359 661 2407 nubibus
672 2359 753 2406 actam

227 2437 249 2472 31
