1972 3164
432 135 455 175 P.
468 137 587 177 VERGILI
599 138 727 180 MARONIS

244 227 296 284 ipse
305 229 452 286 gubernaclo
461 234 542 280 rector
551 232 623 292 subit,
632 232 685 290 ipse
695 236 811 294 magister

244 297 405 361 hortaturque
415 305 479 353 viros
489 305 630 360 clavumque
639 306 671 353 ad
680 305 753 353 litora
761 308 867 363 torquet.

244 366 281 415 At
291 373 372 429 gravis
382 376 411 422 ut
420 374 497 421 fundo
506 373 547 420 vix
556 373 655 421 tandem
664 374 773 422 redditus
783 375 832 423 imo
841 378 879 424 est

244 435 294 485 iam
300 441 379 489 senior
388 443 530 498 madidaque
542 440 620 488 fluens
629 442 655 488 iu
664 445 731 490 veste
740 444 873 502 Menoetes,

198 516 234 556 180
246 521 341 557 summa
350 512 411 566 petit
421 511 512 567 scopuli
522 510 630 567 siccaque
639 511 665 558 in
675 527 735 568 rupe
745 512 842 561 resedit.

245 575 319 624 Illum
328 580 353 626 et
362 579 483 627 labentem
494 579 581 626 Teucri
590 581 616 627 et
625 580 699 628 risere
709 582 836 629 natantem

243 647 269 692 ot
279 645 353 693 salsos
362 647 442 694 rident
455 650 618 695 revomentem
628 650 725 704 pectore
734 648 831 697 fluctus.

243 714 292 762 Hic
302 714 367 762 laeta
374 716 487 763 extremis
497 731 550 772 spes
561 717 598 763 est
608 732 708 764 aceensa
718 717 819 774 duobus,

244 782 356 839 Sergesto
365 784 541 841 Mnestheique,
553 784 622 840 Gyan
633 800 747 841 superare
760 787 905 833 morantem.

243 852 370 909 Sergestus
378 853 444 909 capit
453 855 512 900 ante
521 853 602 900 locum
608 853 752 910 scopuloque
757 855 913 911 propinquat,

242 935 287 969 neo
296 922 350 968 tota
359 922 442 969 tamen
450 921 491 969 ille
501 922 567 978 prior
576 924 706 977 praeeunte
716 923 800 970 carina
809 943 815 969 z

242 991 313 1046 parte
323 990 396 1047 prior,
407 991 497 1046 purtim
506 993 587 1038 rostro
595 991 685 1047 premit
694 991 789 1038 aemula
799 991 895 1038 Pristis.

242 1057 278 1105 At
288 1057 367 1105 media
375 1058 450 1105 socios
459 1058 572 1106 incedens
581 1074 643 1106 nave
653 1059 765 1114 peripsos

243 1125 358 1174 hortatur
366 1127 509 1174 Mnestheus
519 1146 525 1174 =
540 1127 545 1148 ‘
555 1127 628 1174 Nunc
634 1142 699 1173 nunc
708 1126 827 1183 insurgite
832 1126 914 1184 remis,

197 1213 233 1250 190
243 1195 359 1242 Hectorei
368 1196 433 1253 socii,
444 1195 530 1242 Ττοίαο
539 1209 597 1251 quos
608 1196 672 1242 sorte
681 1210 794 1252 suprema

242 1263 321 1322 delegi
334 1265 432 1312 comites
439 1283 446 1322 3
460 1279 525 1311 nunc
533 1263 697 1319 illaspromite
707 1264 779 1320 vires,

242 1347 308 1381 nunc
317 1333 417 1390 animos,
428 1332 513 1388 quibus
522 1331 548 1377 in
558 1331 667 1379 Gaetulis
678 1332 791 1388 Syrtibus
800 1333 839 1378 usi

243 1401 357 1458 Ionioque
366 1401 428 1448 mari
437 1401 578 1456 Maleaeque
587 1400 727 1456 sequacibus
736 1401 815 1448 undis.

242 1469 298 1518 Nou
306 1471 355 1518 iam
359 1471 438 1527 prima
445 1472 501 1526 peto
506 1469 649 1518 Mnestheus
657 1485 733 1525 neque
738 1469 833 1516 vincere
839 1471 915 1526 certo,

242 1554 387 1596 quamquam
396 1554 411 1585 o
419 1538 495 1587 !-sed
503 1539 625 1596 superent,
634 1538 719 1594 quibus
729 1537 782 1595 hoc,
790 1538 915 1595 Neptune,

241 1677 361 1723 extremos
371 1675 462 1731 pudeat
471 1675 576 1722 rediisse.
607 1675 660 1721 Hoc
670 1673 767 1730 vincite,
777 1673 848 1730 cives,

242 1746 267 1792 et
275 1742 398 1800 prohibete
408 1744 494 1790 nefas!
525 1743 574 1790 Olli
583 1742 715 1790 certamine
724 1757 818 1789 summo

242 1811 405 1870 procumbunt
415 1832 420 1858 ε
436 1812 511 1859 vastis
521 1811 606 1859 tremit
615 1810 703 1858 ictibus
713 1826 784 1857 aerea
793 1811 881 1866 puppis

242 1881 439 1936 subtrahiturque
449 1880 534 1937 solum,
545 1882 599 1926 tum
608 1880 690 1927 creber
699 1879 820 1926 anhelitus
829 1881 900 1925 artus

195 1968 232 1994 200
242 1950 357 2006 aridaque
366 1965 409 1997 ora
418 1949 506 2006 quatit,
517 1949 590 1996 sudor
597 1948 652 1995 fluit
661 1948 766 2004 undique
774 1948 841 1995 rivis.

242 2018 336 2067 Attulit
344 2019 396 2075 ipse
405 2019 463 2065 viris
473 2020 586 2074 optatum
595 2033 664 2064 casus
673 2017 796 2063 honoram.

242 2087 353 2145 Namque
357 2087 519 2135 fnrensanimi
524 2086 583 2133 dum
588 2101 684 2143 proram
692 2084 723 2131 acl
731 2099 790 2131 saxa
796 2083 915 2139 subnrpet

241 2158 342 2205 interior
352 2157 476 2213 spatioque
485 2155 550 2202 subit
561 2155 688 2213 Sergestus
697 2153 787 2210 iniquo,

240 2227 326 2274 infelix
336 2226 400 2273 saxis
408 2225 434 2272 in
444 2222 642 2280 procurrentibus
651 2222 737 2268 haesit.

242 2295 378 2342 Concussae
388 2295 478 2348 cantes,
488 2293 514 2338 et
523 2292 595 2338 acuto
604 2291 630 2337 in
639 2289 731 2337 murice
740 2290 801 2342 remi

217 2412 219 2417 ,
241 2362 322 2408 obnixi
332 2377 453 2418 crepuere,
463 2359 572 2415 illisaqne
582 2373 655 2414 prora
663 2358 786 2414 pependit.

241 2430 398 2486 Consurgunt
408 2430 498 2476 nautae
507 2428 533 2474 et
542 2442 630 2484 magno
640 2427 744 2474 clamore
753 2428 890 2482 morantur,

289 2498 297 2545 (
306 2497 358 2546 216)
