1972 3164
311 172 421 213 AENEIS.
447 173 479 213 XI

58 267 149 317 labitur
156 269 294 328 exsanguis,
304 269 421 317 labuntur
430 269 521 326 frigida
530 269 580 318 leto

58 337 160 393 lumina,
170 351 306 393 purpureus
316 336 435 392 quondam
446 337 511 384 color
520 352 563 385 ora
571 337 677 393 reliquit.

12 415 50 454 820
60 406 124 452 Tum
134 405 168 452 sic
177 404 300 460 exspirans
309 403 400 451 Accam
410 419 440 451 ex
449 404 589 460 aequalibus
598 421 672 452 unam

60 473 201 529 alloquitur,
212 472 261 518 fida
271 473 328 518 ante
337 471 398 519 alias
408 487 469 528 quae
479 472 531 520 sola
541 473 665 530 Camillae,

60 542 158 598 quicum
167 540 255 597 partiri
264 555 334 588 curas
343 560 349 596 ;
363 543 437 596 atque
445 541 505 588 haec
514 541 551 588 ita
560 541 642 589 fatur:

61 609 281 665 ‘Hactenus,Aeca
287 623 362 665 soror,
368 610 447 664 potui:
456 625 521 657 nnnc
527 610 615 657 vulnus
623 609 736 658 acerbum

62 677 168 735 conficit,
180 678 205 724 et
214 675 320 724 tenebris
330 677 471 734 nigrescunt
481 678 561 725 omnia
570 678 669 726 circum.

61 746 152 802 Effuge
161 746 187 792 et
195 745 255 792 haec
265 744 348 792 Turno
357 745 473 793 mandata
482 747 611 795 novissima
618 748 699 804 perfer
708 768 714 795 ε

61 814 175 861 succedat
184 827 280 869 pugnae
290 813 452 869 Troianosque
462 817 545 862 arceat
554 816 622 863 urbe.

61 882 160 938 Iamque
170 881 240 929 vale?
271 881 347 928 Simul
357 881 394 928 his
404 881 474 929 dictis
484 882 607 939 linquebat
617 883 732 940 habenas,

61 950 93 997 ad
102 952 194 998 terram
203 965 252 998 non
262 951 348 1005 sponte
357 949 441 997 fluens.
472 950 536 997 Tum
545 951 636 1008 frigida
645 953 699 999 tcto

61 1018 180 1074 paulatim
189 1017 291 1066 exsolvit
301 1033 326 1065 se
336 1032 442 1074 corpore,
452 1017 565 1074 lentaque
576 1019 639 1066 colla

14 1093 51 1142 830
62 1088 87 1134 et
98 1088 196 1142 captum
205 1086 256 1134 leto
265 1086 346 1142 posuit
356 1088 438 1144 caput,
449 1102 518 1133 arma
527 1087 674 1143 relinquens,

61 1155 159 1210 vitaque
169 1170 224 1202 cum
235 1154 327 1212 gemitu
336 1153 401 1210 fugit
410 1154 539 1212 indignata
548 1154 593 1201 snb
602 1154 709 1201 umbras.

62 1224 127 1270 Tum
136 1237 194 1269 vero
202 1222 334 1269 immensus
344 1236 446 1278 surgens
455 1221 514 1269 ferit
524 1237 599 1269 aurea
609 1221 700 1270 clamor

62 1291 142 1338 sidera
152 1310 158 1337 ε
172 1290 265 1338 deiecta
274 1289 393 1338 crudescit
402 1305 486 1346 pugna
495 1289 605 1347 Camilla,

61 1359 191 1406 incurrunt
201 1358 269 1406 densi
278 1357 350 1405 simul
359 1357 436 1404 omnis
447 1358 515 1413 copia
524 1359 645 1405 Teucrum

62 1426 229 1484 Tyrrhenique
239 1427 311 1474 duces
321 1426 477 1482 Evandrique
487 1425 595 1474 Arcades
605 1426 666 1474 alae.

91 1495 127 1543 At
137 1494 234 1542 Triviae
244 1496 325 1542 custos
334 1494 384 1540 iam
393 1494 485 1541 dudum
494 1494 521 1541 iu
530 1494 653 1542 montibus
663 1493 722 1550 Opis

63 1563 115 1612 alta
125 1564 192 1611 sedet
202 1562 303 1610 summis
313 1563 453 1618 spectatque
462 1562 577 1609 interrita
586 1577 689 1618 pugnas.

63 1633 146 1688 thue
156 1631 241 1687 procul
250 1631 329 1678 medio
337 1630 452 1677 iuvenum
462 1629 488 1677 in
498 1630 602 1678 elamore
613 1631 739 1678 furentum

63 1700 188 1758 prospexit
198 1699 264 1747 tristi
273 1699 405 1746 mulcatam
415 1700 493 1746 morte
504 1699 640 1757 Camillam,

14 1773 53 1820 840
64 1767 231 1826 ingemuitque
241 1767 353 1823 deditque
364 1767 408 1814 has
417 1766 466 1814 im0
474 1769 571 1823 pectore
580 1782 650 1814 voces
659 1788 665 1814 z

65 1838 139 1884 ‘Heu
147 1836 257 1893 nimium,
268 1836 344 1893 virgo,
354 1836 456 1883 nimium
466 1835 563 1883 crudele
572 1835 640 1882 luisti

64 1904 217 1960 supplicium,
227 1905 334 1952 Teucros
344 1906 433 1952 conata
443 1903 562 1951 lacessere
569 1904 631 1951 bello
640 1907 645 1950 l

64 1974 116 2021 Nec
126 1973 172 2019 tibi
180 1972 290 2020 desertae
299 1972 325 2019 in
334 1972 413 2019 dumis
424 1972 525 2019 coluisse
535 1973 643 2018 Dianam

64 2040 158 2099 proluit
168 2043 211 2088 aut
220 2043 317 2090 nostras
324 2056 408 2088 umero
417 2040 517 2098 gessisse
527 2040 641 2096 sagittas.

65 2110 123 2158 Non
132 2111 215 2157 tamen
224 2110 361 2157 indecorem
371 2110 416 2155 tua
424 2109 450 2155 to
459 2107 544 2164 regina
553 2106 653 2163 reliquit

66 2180 176 2226 extrema
182 2178 230 2224 iam
240 2179 266 2225 in
274 2179 360 2233 morte,
367 2191 443 2233 neque
450 2176 496 2223 hoc
503 2176 554 2223 sine
563 2175 659 2222 nomine
666 2175 742 2223 letum

67 2262 112 2304 per
121 2248 206 2303 gentes
216 2247 263 2294 erit
271 2247 315 2293 aut
324 2244 415 2292 famam
425 2243 524 2300 patieris
533 2243 634 2290 inultae.

69 2315 135 2362 Nam
145 2315 289 2371 quicumque
298 2316 369 2360 tuum
378 2313 477 2360 violavit
486 2311 585 2358 vulnere
596 2326 690 2368 corpus,

69 2386 148 2432 morte
158 2384 210 2431 luet
220 2383 324 2430 merita.'
355 2381 413 2428 Fuit
423 2381 508 2440 ingens
518 2381 600 2428 monte
609 2379 654 2426 sub
663 2380 715 2427 alto

21 2459 59 2508 850
71 2452 267 2572 regisfflcenni
276 2454 373 2500 terreno
381 2465 412 2497 ex
421 2463 508 2508 aggere
516 2448 615 2496 bustum
