1972 3164
351 658 385 722 P.
417 658 601 722 VERGILI
633 659 841 725 MARONIS

413 825 770 903 GEORGIOA

554 1023 630 1048 -40-

419 1165 536 1219 LIBER
563 1166 772 1221 SECUNDUS.

260 1295 470 1388 HACTENUS
482 1312 598 1353 arvorum
608 1297 689 1344 cultus
699 1299 725 1345 et
735 1298 815 1344 sidera
824 1297 885 1345 caeli
894 1316 905 1355 ;,

341 1379 406 1410 nunc
420 1366 454 1421 te,
464 1365 568 1422 Bacche,
580 1381 674 1423 canam,
689 1381 796 1413 necnon
811 1365 933 1414 silvestria

257 1434 369 1558 virorffitod1
370 1448 398 1548 1alt
408 1502 499 1557 prolem
508 1502 578 1549 tarde
588 1503 718 1550 crescentis
728 1503 812 1550 olivae.

257 1569 322 1626 Huc,
333 1571 427 1625 patero
437 1571 530 1618 Lenaee
540 1589 547 1628 ;
562 1571 612 1617 tuis
622 1570 662 1617 hic
671 1570 752 1617 omnia
761 1571 833 1626 plena

257 1638 404 1694 muneribus,
416 1638 461 1685 tibi
470 1639 598 1695 pampineo
606 1638 722 1694 gravidus
732 1640 850 1685 autumno

257 1704 327 1752 floret
336 1721 403 1762 ager,
415 1708 512 1761 spumat
521 1707 598 1762 plenis
607 1706 729 1753 vindemia
739 1706 812 1752 labris
821 1725 827 1762 3

257 1772 313 1830 huc,
324 1776 419 1828 patero
430 1774 531 1830 Lenaee,
543 1774 606 1830 veni,
617 1774 755 1829 nudataque
765 1776 846 1821 musto

257 1841 342 1898 tingue
357 1857 419 1888 novo
433 1856 527 1888 meeum
537 1842 643 1897 dereptis
654 1858 726 1889 crura
735 1841 867 1888 cothurnis.

287 1908 409 1964 Principio
418 1908 542 1956 arboribus
552 1910 620 1956 varia
629 1912 667 1957 est
676 1911 766 1957 natura
779 1909 896 1956 creandis.

233 1989 246 2014 0
258 1977 369 2032 Namque
379 1977 441 2024 aliae
450 1976 523 2023 nullis
533 1977 657 2025 hominum
668 1978 809 2036 cogentibus
819 1977 885 2033 ipsae

257 2047 343 2102 sponte
353 2061 397 2092 sua
406 2045 507 2092 veniunt
518 2061 661 2102 camposque
672 2048 697 2093 et
707 2046 807 2093 flumina
817 2046 867 2092 late

256 2129 332 2162 curva
348 2114 440 2170 tenent,
451 2115 480 2160 ut
490 2114 561 2161 molle
567 2114 631 2172 siler,
642 2114 768 2170 lentaeque
777 2113 894 2171 genistae,

256 2183 359 2239 populus
369 2184 393 2228 et
403 2182 490 2239 glauca
500 2183 612 2230 canentia
621 2182 708 2230 fronde
718 2182 817 2238 salicta3

256 2266 313 2307 pars
324 2252 406 2296 autem
416 2250 494 2305 posito
504 2253 607 2307 surgunt
618 2251 755 2308 desemine,
766 2252 794 2296 ut
805 2250 870 2296 altae

255 2320 392 2376 castaneae,
403 2333 574 2374 nemorumque
585 2319 637 2366 Iovi
649 2335 709 2375 quac
719 2319 825 2365 maxima
833 2316 934 2364 frondet

255 2386 372 2444 aesculus,
384 2388 456 2442 atoue
466 2386 563 2433 habitae
574 2387 654 2434 Graiis
664 2387 764 2434 oracula
774 2399 885 2441 quercus.

255 2455 364 2502 Pullulat
374 2455 404 2502 ab
414 2455 494 2502 radice
503 2455 556 2501 aliis
566 2455 707 2503 densissima
716 2455 785 2512 silva,

254 2523 284 2568 ut
297 2523 385 2570 cerasis
395 2522 528 2579 ulmisqua;
543 2523 617 2570 etiam
628 2522 746 2569 Parnasia
755 2522 839 2568 laurus

254 2605 331 2646 parva
341 2591 385 2638 sub
394 2591 488 2648 ingenti
497 2590 583 2638 matris
593 2605 618 2637 se
629 2590 726 2638 subiicit
735 2590 831 2637 umbra.

303 2671 362 2720 (⁵⁶)
