1972 3164
409 338 431 377 P.
444 337 564 378 vanem
576 338 704 379 morus

218 435 243 482 et
252 449 328 493 genus
338 448 490 491 aequoreum,
501 433 604 490 pecudes
613 434 739 492 pictaeque
747 435 865 493 volucres,

218 503 244 551 in
254 504 330 551 furias
340 504 467 560 ignemque
477 504 553 549 ruunt
564 524 569 550 :
584 503 661 550 Amor
670 503 779 550 omnibus
792 504 865 551 idem.

219 571 337 628 Tempore
347 588 395 619 non
404 573 451 619 alio
461 572 597 620 catulorum
607 572 683 620 oblita
691 572 776 620 leaena

218 642 310 689 saevior
319 642 409 689 erravit
419 641 518 698 campis,
529 657 573 689 nec
583 641 670 688 lunera
678 641 752 698 vulgo

218 711 270 758 tam
281 711 359 757 multa
368 710 483 757 informes
493 710 545 756 ursi
554 712 706 766 stragemque
717 710 802 758 dedere

218 795 262 837 per
271 780 359 835 silvas3
373 781 426 825 tum
437 794 522 825 saevus
532 793 598 835 aper,
609 781 662 825 tum
677 779 781 834 pessima
789 779 875 835 tigris:

218 849 267 896 hen
276 848 338 894 male
347 850 401 895 tum
413 847 505 903 Libyae
515 847 571 893 solis
581 849 679 894 erratur
687 847 714 894 in
724 848 796 903 agris.

170 936 207 972 250
219 917 305 964 Nonne
315 916 389 973 rides,
400 918 429 963 ut
438 917 492 963 tota
501 918 593 962 tremor
602 917 749 972 pertemptet
759 931 876 971 equorum

218 1000 326 1041 corpora,
337 985 358 1031 si
366 986 463 1031 tautum
473 985 543 1030 notas
553 984 612 1030 odor
621 984 706 1031 attulit
716 986 804 1030 auras?

217 1055 254 1101 Ac
274 1069 350 1109 neque
368 1068 408 1100 eos
430 1053 479 1103 iam
498 1052 568 1099 frena
590 1052 669 1099 virum
692 1067 769 1108 neque
792 1053 895 1101 verbera

274 1137 354 1178 saeva,

217 1206 266 1238 non
274 1190 375 1306 dscopuli
393 1205 511 1246 rupesque
528 1206 601 1238 cavae
620 1191 692 1245 atque
709 1190 803 1238 obiecta
816 1191 894 1237 retar-

291 1261 335 1306 ant

218 1327 318 1375 flumina
327 1329 495 1383 correptosque
504 1329 571 1375 unda
579 1328 717 1384 torquentia
725 1328 828 1374 montes.

218 1397 274 1452 Ipse
283 1397 334 1443 ruit
344 1397 474 1452 dentesque
484 1397 615 1445 Sabellicus
625 1396 721 1443 exacuit
731 1411 780 1453 sus,

186 1468 189 1473 '
218 1466 242 1512 et
255 1466 314 1521 pede
324 1464 458 1521 prosubigit
468 1466 568 1521 terram,
579 1465 652 1512 fricat
662 1464 748 1511 arbore
757 1467 845 1522 costas,

218 1535 291 1589 amne
300 1533 356 1581 hinc
366 1541 438 1590 atque
447 1533 513 1581 illinc
523 1549 618 1580 umeros
628 1534 660 1580 ad
669 1534 771 1580 vulnera
781 1534 863 1581 durat.

219 1602 282 1658 Quid
296 1602 397 1659 iuvenis,
408 1618 522 1659 magnum
533 1602 571 1650 cui
583 1603 665 1649 versat
675 1602 701 1648 in
710 1602 802 1648 ossibus
811 1602 894 1658 ignem

219 1671 293 1717 durus
304 1674 387 1718 amor?
399 1671 493 1726 Nempe
503 1670 612 1726 abruptis
621 1669 721 1716 turbata
731 1671 842 1725 procellis

170 1744 208 1782 260
218 1740 288 1785 nocte
298 1740 369 1785 natat
379 1755 450 1786 caeca
459 1755 526 1787 serus
536 1739 601 1785 freta
610 1758 616 1794 ;
630 1754 701 1794 quem
711 1754 783 1793 super
792 1738 878 1795 ingens

218 1808 290 1863 porta
298 1808 368 1853 tonat
378 1808 446 1864 caeli,
456 1810 481 1854 et
491 1807 593 1863 scopulis
602 1806 666 1853 illisa
675 1806 809 1853 reclamant

218 1890 335 1932 aequora;
350 1892 393 1923 nec
403 1877 484 1923 miseri
491 1878 592 1933 possunt
601 1890 714 1922 revocare
723 1877 837 1930 parentes

217 1960 262 1993 nco
272 1945 391 1992 moritura
401 1961 473 2001 super
483 1944 574 1992 crudeli
584 1945 669 1990 lunera
679 1944 755 2000 virgo.

219 2014 282 2070 Quid
291 2014 372 2070 lynces
381 2014 473 2061 Bacchi
482 2013 564 2060 variae
575 2014 599 2059 et
608 2028 684 2068 genus
695 2028 750 2059 acre
759 2011 873 2068 luporum

219 2084 291 2138 atque
310 2085 413 2130 canum?
441 2082 498 2138 qnid
516 2097 577 2138 quae
596 2081 704 2128 imbelles
724 2081 785 2127 dant
802 2081 894 2136 proelia

274 2153 356 2198 cervi?

218 2219 314 2268 Scilicet
324 2221 380 2266 ante
391 2235 473 2267 omnes
483 2219 552 2266 furor
561 2221 599 2266 est
608 2219 709 2275 insignis
719 2234 836 2274 equarum
845 2237 851 2274 3

218 2295 243 2335 et
253 2290 358 2336 mentem
368 2289 451 2335 Venus
461 2288 513 2344 ipsa
523 2289 598 2344 dedit,
609 2303 655 2343 quo
664 2290 772 2342 tempore
781 2286 867 2334 Glauci

218 2358 347 2404 Potniades
358 2357 427 2403 malis
437 2357 546 2403 membra
555 2357 710 2412 absumpsere
720 2356 860 2411 quadrigae.

218 2426 277 2472 Illas
287 2427 353 2472 ducit
363 2441 431 2471 amor
440 2427 509 2471 trans
520 2425 631 2481 Gargara
640 2426 756 2480 transque
766 2426 892 2471 sonantem

170 2515 208 2549 270
218 2495 350 2541 Ascanium
359 2513 365 2550 ;
382 2494 498 2549 superant
508 2495 601 2539 montes
611 2495 636 2539 et
647 2492 748 2538 flumina
756 2493 867 2538 tranant.

218 2563 383 2618 Continuoque
393 2561 468 2609 avidis
478 2561 520 2607 ubi
530 2561 627 2607 subdita
636 2561 734 2607 flamma
743 2561 863 2616 meanIiS‚

217 2645 273 2677 vere
283 2631 368 2686 magis,
379 2630 436 2686 quia
444 2644 500 2677 vere
510 2629 576 2676 calor
585 2629 648 2676 redit
658 2629 760 2684 ossibus,
770 2627 826 2675 illae

266 2698 323 2748 (82)
