1972 3164
457 337 480 376 e.
493 335 613 389 veneni
625 335 753 378 neroum

266 433 377 482 exuerint
386 432 521 482 silvestrem
531 432 647 492 animum,
658 433 772 490 cultuque
781 431 905 490 frequenti

265 504 292 550 iu
302 518 464 560 quascumque
471 503 537 550 voles
547 505 612 551 artes
622 504 688 551 haud
697 503 769 551 tarda
778 505 918 560 sequentur.

266 572 319 620 Nee
331 587 379 619 nou
389 573 414 619 et
424 572 512 620 sterilis
523 587 583 628 quae
592 572 707 628 stirpibus
717 572 767 620 exit
776 572 808 619 ab
816 571 880 632 imis,

266 641 311 689 hoe
320 641 404 697 faeiat,
414 656 502 688 vaenos
513 641 533 687 si
541 641 573 688 sit
584 641 678 697 digesta
687 657 732 698 per
741 655 812 698 agros
821 661 827 688 ι

266 725 332 757 nune
341 709 405 756 ultae
415 709 513 757 frondes
522 710 547 756 et
557 709 619 756 rami
628 709 714 757 matris
724 711 830 765 opacant

267 778 430 833 oreseeutique
441 778 552 825 adimunt
559 778 624 825 fetus
633 780 756 834 uruntque
765 778 894 827 ferentem.

267 846 329 901 Iam,
340 861 401 902 quae
411 846 541 893 seminibus
550 846 620 894 iaetis
630 861 655 894 ee
665 846 765 894 sustulit
775 846 855 904 arbos,

267 915 340 962 tarda
349 913 415 962 venit
429 914 488 962 seris
498 915 596 963 foetura
605 915 732 970 nepotibus
741 914 862 972 umbram,

268 998 385 1039 pomaque
395 983 542 1040 degenerant
553 999 621 1031 suoos
631 983 707 1030 oblita
716 982 816 1040 priores,

231 1058 256 1096 60
268 1052 293 1098 et
302 1052 386 1107 tmpee
396 1051 481 1098 avibus
491 1053 606 1108 praedam
615 1052 665 1099 fert
674 1067 723 1098 uva
731 1066 848 1099 raeemos.

269 1119 365 1167 Seilioet
375 1120 485 1167 omnibus
496 1122 533 1168 est
542 1120 610 1167 labor
619 1119 802 1176 impendendae,
812 1119 839 1166 et
848 1132 932 1167 omnes

268 1188 388 1246 cogendae
397 1188 423 1234 in
433 1188 526 1236 sulcum
536 1205 565 1236 ae
574 1188 653 1236 multa
663 1189 771 1236 mercede
781 1187 925 1237 domandae.

269 1256 316 1304 Sed
326 1256 419 1304 truncis
429 1256 495 1304 oleae
505 1257 598 1315 melius,
610 1257 742 1314 propagine
750 1256 812 1303 vites

268 1325 422 1381 respondent,
433 1325 508 1372 solido
518 1326 624 1381 Paphiae
635 1326 664 1372 de
673 1324 757 1372 robore
767 1326 879 1382 myrtum

268 1393 359 1449 plantis
369 1394 394 1440 et
403 1394 478 1441 durae
488 1394 564 1451 eoryli
573 1395 715 1451 naseuntur,
727 1394 752 1440 et
760 1393 846 1451 ingens

268 1461 387 1520 fraxinus,
398 1462 580 1519 Hereuleaeque
589 1462 660 1509 arboe
669 1462 783 1509 umbrosa
793 1476 903 1518 oorouae,

270 1530 415 1587 Chaoniique
426 1531 507 1579 Patris
517 1531 616 1588 glandes
622 1549 629 1587 ;
643 1530 716 1577 etiam
727 1530 804 1577 ardua
813 1529 896 1586 palma

269 1600 379 1647 nascitur
389 1601 413 1647 et
423 1616 492 1647 casus
503 1600 567 1647 abies
577 1599 659 1646 visura
668 1599 782 1647 marines.

296 1667 417 1715 Inseritur
425 1683 483 1716 vero
492 1669 517 1715 et
527 1668 581 1715 ieta
590 1667 658 1715 nucis
668 1667 771 1715 arbutus
780 1666 889 1724 horrida,

233 1751 258 1788 70
270 1735 296 1782 et
306 1735 399 1782 steriles
409 1735 504 1792 platani
513 1736 589 1783 malos
599 1751 694 1793 gessere
704 1735 813 1783 valentes
823 1753 830 1792 ;

271 1804 398 1850 oasmeae
411 1804 491 1860 fagus,
502 1819 622 1860 ornusque
631 1804 740 1852 incanuit
750 1804 805 1851 albo

271 1872 329 1919 flore
338 1872 393 1929 piri,
404 1872 563 1929 glandemque
573 1888 627 1920 sues
636 1872 732 1929 fregere
742 1871 787 1919 sub
796 1870 878 1919 ulmis.

270 1941 323 1988 Neo
332 1941 417 1987 modus
422 1940 528 1988 inserere
534 1942 607 1997 atqpe
617 1941 698 1989 oeulos
705 1941 828 1996 imponere
834 1938 945 1996 simplex.

271 2010 336 2057 Nam
346 2024 394 2065 que
403 2024 429 2055 ee
439 2009 517 2056 medio
527 2010 632 2057 trudunt
642 2009 671 2056 de
681 2009 770 2056 cortice
779 2023 890 2066 gemmae

271 2079 296 2126 et
305 2079 391 2124 tenues
401 2080 520 2133 rumpunt
532 2078 635 2135 tunicas,
646 2079 765 2134 angustus
775 2077 863 2133 inipso

271 2147 300 2194 fit
309 2147 373 2194 uodo
387 2146 453 2193 sinus
466 2167 471 2194 ι
487 2147 535 2194 huo
545 2146 624 2194 aliena
633 2162 664 2194 ex
673 2146 758 2194 arbore
768 2160 869 2202 germen

270 2215 400 2264 includunt
409 2215 503 2271 udoque
512 2215 598 2262 dooent
607 2214 736 2262 inoleseere
746 2214 808 2261 libro
818 2233 824 2261 :

272 2286 317 2332 eut
326 2300 424 2331 rursum
434 2284 519 2330 euodes
530 2283 611 2330 trouu
620 2284 769 2339 resecantur,
779 2283 805 2329 et
817 2282 867 2328 alte

272 2354 374 2401 finditur
382 2353 408 2400 in
420 2353 521 2400 solidum
532 2352 613 2399 cuneis
622 2351 670 2408 via,
679 2351 764 2399 deinde
773 2350 866 2398 ieraoee

232 2434 260 2472 eo
272 2421 551 2479 plantaeimmittuntur:
562 2436 607 2467 nee
614 2420 713 2476 longum
720 2421 824 2476 tempus,
829 2419 916 2477 ingens
921 2418 947 2466 et

271 2491 330 2538 exiit
340 2491 372 2537 ad
381 2489 474 2554 eaelum
483 2488 557 2536 ramis
566 2488 676 2536 felicibus
686 2488 767 2544 arbos,

275 2558 424 2614 miraturque
432 2572 507 2605 novas
516 2557 614 2604 frondes
624 2558 649 2604 et
657 2572 705 2604 nou
715 2572 760 2604 sua
769 2571 849 2612 poma.

350 2635 376 2666 52.
396 2630 518 2666 amomi:
685 2630 711 2665 71.
732 2627 866 2670 ‘ingm'eodd

319 2683 377 2731 (⁵8)
