1972 3164
324 162 433 202 AENEIS.
459 163 483 202 11

61 253 189 304 contorsit.
218 255 293 304 Stetit
302 256 345 306 illa
354 259 469 316 tremens,
480 261 596 317 uteroque
606 276 703 310 recusso

60 324 191 373 insonnem
201 340 273 374 cavae
281 327 446 384 gemitumque
457 329 544 377 dedere
555 345 680 378 cavernae.

62 393 99 441 Et
108 393 130 440 ei
139 393 194 441 fata
203 394 283 453 deum,
294 396 315 443 ei
324 412 392 444 mene
400 413 449 444 non
458 398 529 445 laeva
538 399 633 457 fuisset,

60 462 194 517 impulerat
203 463 269 511 ferro
278 464 404 522 Argolicae
414 466 511 514 foedare
520 467 635 526 latebrae,

62 531 184 588 l'roiaque
194 548 258 581 nunc
268 534 353 590 staret,
360 534 498 590 Priamique
504 551 549 582 arx
559 536 611 584 alta
620 552 737 584 maneres.

94 598 172 648 ‘Elaea
189 616 275 648 manua
295 602 406 650 iuvenem
425 603 520 651 interea
539 608 594 660 post
614 607 685 662 terga
703 620 740 653 re-

119 668 227 717 vinetum

61 739 173 795 pastores
183 753 271 795 magno
280 739 312 786 ad
321 755 403 799 regem
410 741 515 789 elamore
524 741 655 790 trahebant

63 807 228 865 Dardanidae,
239 807 280 863 qui
290 823 315 856 ee
324 809 436 865 ignotum
442 809 593 857 venientibus
603 809 676 866 ultro,

25 878 52 916 60
63 875 111 922 hoe
120 875 200 930 ipsum
210 877 239 922 ut
249 878 357 924 strueret
367 877 510 934 Troiamque
520 877 624 933 aperiret
631 878 740 935 Achivis,

62 943 195 1000 obtulerat,
206 944 282 992 fidens
292 945 366 992 animi
376 949 448 1002 amne
457 947 483 992 in
492 941 739 1002 utrumque'paraeus,

62 1027 107 1059 eeu
116 1026 214 1059 vereare
224 1012 290 1060 dolon
301 1029 343 1061 eeu
353 1017 433 1063 eertae
443 1014 582 1063 occumbere
593 1014 673 1061 morti.

63 1079 177 1135 Undique
186 1080 279 1128 visendi
289 1083 369 1130 studio
379 1083 484 1130 Troiana
492 1083 606 1129 inventus

63 1148 212 1196 circumfusa
221 1149 279 1206 ruit,
291 1152 433 1207 certamue
442 1152 542 1198 illudere
556 1153 637 1206 capto.

63 1216 154 1273 Aeeipe
164 1232 229 1264 nune
238 1217 353 1265 Danaum
362 1219 461 1266 insidiae
471 1220 496 1267 et
506 1219 605 1267 erimine
615 1218 645 1264 ab
655 1233 704 1264 uno

64 1285 130 1332 disee
140 1300 229 1333 omnes.

64 1353 177 1409 Namque
186 1355 215 1400 ut
225 1357 355 1411 conspeetu
364 1357 390 1402 in
400 1357 479 1403 medio
489 1356 604 1403 turbatus
614 1355 712 1402 inermis

64 1421 176 1469 eonstitit
181 1422 254 1478 atque
260 1424 334 1470 oeulis
341 1424 448 1481 Phrygia
456 1423 555 1480 agmina
562 1422 741 1478 circumspexit,

66 1491 83 1514 “
91 1491 149 1547 Heu
172 1506 232 1547 quae
256 1507 321 1540 nune
344 1492 417 1540 tellus
427 1493 442 1512 ”
471 1492 559 1548 iuquit,
589 1491 605 1514 “
614 1506 675 1547 qnae
703 1505 741 1537 me

124 1573 229 1614 aequora
237 1562 339 1615 possunt
759 1560 761 1564 '

29 1642 54 1678 70
66 1627 193 1683 accipere?
213 1628 257 1673 aut
276 1629 333 1684 quid
350 1628 399 1676 iam
415 1629 502 1676 misero
516 1627 575 1674 mihi
591 1628 692 1683 denique
706 1643 743 1674 re-

124 1697 189 1743 etat?

66 1765 106 1813 eui
115 1780 192 1821 neque
202 1767 266 1822 apud
274 1766 373 1812 Danaos
383 1780 483 1820 uuquam
492 1765 568 1822 loeus,
579 1766 604 1811 et
614 1779 686 1819 super
695 1763 743 1819 ipsi

66 1834 223 1881 Dardanidae
230 1834 319 1881 infensi
326 1848 415 1889 poenae
422 1849 476 1881 eum
486 1833 602 1889 sanguine
609 1833 739 1887 poscunt.''

67 1903 121 1961 Quo
129 1903 223 1960 gemitu
233 1902 341 1951 conversi
350 1902 425 1949 animi
435 1916 584 1956 compressus
594 1902 619 1947 et
630 1900 708 1947 omnis

66 1973 181 2035 impetus.
211 1971 347 2018 Hortamur
355 1970 405 2017 fari
413 1985 460 2025 quo
470 1969 587 2026 sanguine
597 1970 686 2024 cretus,

67 2039 242 2096 quidveferat3
258 2039 374 2086 memoret
384 2053 444 2094 quae
455 2037 487 2084 sit
497 2036 586 2084 fiducia
595 2037 674 2091 eapte.
742 2049 744 2052 ·

69 2107 128 2168 [Ille
137 2108 197 2155 haee
206 2106 316 2162 deposita
325 2107 424 2153 tandem
434 2105 562 2153 formidine
572 2104 641 2150 fatur
649 2102 668 2161 :l

96 2175 126 2198 ‘⁴‘
139 2176 235 2224 Cuncta
240 2174 349 2231 equidem
358 2174 412 2231 tibi,
422 2189 474 2231 rex,
485 2172 561 2220 fuerit
571 2171 742 2228 quodcumque,

123 2243 219 2291 fatebor

67 2327 126 2360 vera
133 2313 148 2331 ’'
159 2311 245 2368 inquit,
253 2309 269 2332 “
276 2325 353 2366 neque
359 2325 398 2357 me
404 2308 518 2365 Argolica
523 2308 553 2355 de
559 2309 631 2365 gente
637 2306 743 2362 negabo:

67 2381 113 2427 hoe
123 2379 228 2436 primum
238 2399 244 2436 ;
258 2395 311 2436 nec,
321 2379 342 2426 ei
351 2379 466 2424 miserum
476 2377 577 2423 fortuna
587 2375 699 2422 Sinonem

32 2461 57 2499 ao
68 2448 149 2504 finxit,
159 2462 248 2494 vanum
258 2447 332 2495 etiam
346 2445 532 2499 mendaeemque
541 2442 651 2498 improba
660 2443 742 2502 finget.

118 2515 127 2563 (
137 2514 189 2564 139)
