1972 3164
339 174 362 212 P.
375 173 496 214 VERGILI
509 171 638 214 ninom

150 271 306 330 Hyrtacides,
317 271 429 319 comitem
440 271 536 319 Aeneae
546 285 617 327 quem
627 271 732 320 miseret
742 273 788 320 Ida

150 341 263 390 venatrix
272 340 350 388 iaculo
359 340 460 388 celerem
469 340 608 396 levibusque
619 341 720 398 sagittis
729 362 735 398 ;

151 412 176 459 et
185 410 256 457 iuxta
265 424 345 458 comes
356 409 486 466 Euryalus,
497 424 545 465 quo
554 409 681 465 pulchrior
690 410 757 458 alter

104 482 142 523 180
152 495 201 526 non
211 478 259 525 tuit
269 477 410 525 Aeneadum
420 478 527 525 Troiana
536 492 615 534 neque
625 477 707 526 induit
718 495 797 537 mma,

152 563 197 596 ora
205 563 266 604 puer
275 546 354 602 prime
364 546 463 603 signans
472 546 571 593 intense
579 546 689 594 iuventa.

153 617 200 664 His
211 631 279 663 emor
287 629 350 662 unus
360 616 423 671 eret,
433 615 572 671 pariterque
581 615 607 662 in
616 615 682 662 bella
691 616 799 664 ruebant
808 636 814 663 z

152 687 206 733 tum
216 699 309 740 quoque
318 683 440 731 communi
449 685 545 739 portam
555 684 661 730 stelione
671 684 799 732 tenebunt.

153 753 228 800 Nisus
238 753 289 800 ait:
304 752 383 800 ‘Dine
391 753 457 800 hune
466 752 579 799 ardorem
588 752 712 800 mentibus
725 753 828 810 addunt,

154 821 271 878 Euryale,
282 836 314 868 au
325 836 370 868 sua
380 821 465 876 cuique
474 820 534 868 deus
543 821 572 868 fit
582 821 637 868 dira
647 822 752 878 cupido?

155 890 207 937 Aut
234 904 342 946 pugnam
369 891 413 936 aut
436 888 527 944 aliquid
554 888 698 937 iamdudum
722 889 836 937 invadere

209 973 326 1014 magnum

153 1041 222 1074 mens
232 1026 312 1084 agitat
321 1026 381 1072 mihi
390 1041 434 1073 nec
444 1025 538 1082 placida
547 1027 665 1073 contente
674 1027 757 1082 quiete
766 1027 812 1074 est.

155 1095 248 1153 Cernis,
259 1109 320 1150 quse
329 1095 436 1142 Rutulos
445 1095 535 1143 habeat
544 1095 633 1143 fiducia
642 1111 736 1143 rerum.

156 1163 261 1211 Lumine
269 1178 327 1210 rere
335 1163 443 1220 micant;
456 1178 540 1210 somno
549 1163 653 1219 vinoque
663 1164 740 1211 soluti

108 1250 145 1289 190
156 1231 305 1290 procubuere
316 1251 323 1289 ;
338 1231 410 1279 silent
419 1233 470 1279 late
479 1232 548 1288 loca;
564 1231 661 1288 percipe
671 1247 754 1290 porro,

156 1302 214 1359 quid
223 1301 332 1349 dubitem
340 1303 366 1349 et
376 1315 509 1357 quaenune
518 1300 599 1348 animo
607 1301 733 1348 sententia
742 1303 834 1358 surgat.

155 1370 257 1418 Aenean
266 1369 340 1418 acciri
349 1384 439 1426 omnes,
450 1369 599 1425 populusque
608 1371 750 1427 patresque,

156 1440 290 1496 exposcunt
299 1438 412 1494 mittique
420 1438 494 1494 viros,
504 1437 546 1492 qui
556 1439 624 1484 certa
633 1440 772 1493 reportent.

157 1508 183 1556 Si
192 1507 238 1554 tibi
248 1522 309 1563 quae
318 1522 391 1563 posco
400 1506 549 1563 promittunt
559 1506 626 1562 (nam
636 1506 698 1552 mihi
706 1507 768 1554 fecti

156 1577 224 1625 fama
234 1577 272 1623 sat
281 1576 337 1632 est),
347 1576 443 1623 tumulo
451 1575 535 1622 videor
544 1575 652 1631 reperire
662 1575 709 1621 sub
718 1574 761 1622 illo

157 1660 226 1702 posse
235 1644 300 1692 viam
309 1644 341 1691 nd
350 1659 432 1690 muros
442 1645 468 1692 et
477 1643 572 1691 moenia
582 1643 730 1691 Pallantea!

158 1714 292 1770 Obstupuit
301 1728 390 1769 magno
399 1713 499 1760 landum
509 1727 638 1768 percussus
649 1727 732 1759 amore

158 1781 280 1838 Euryalus
289 1800 295 1838 ς
311 1781 383 1828 simul
392 1781 430 1828 his
440 1781 566 1829 ardentem
576 1782 670 1828 affatur
679 1782 784 1828 amicum
796 1802 801 1828 :

158 1851 165 1874 ‘
176 1852 248 1899 Mene
258 1850 334 1908 igitur
344 1850 435 1897 socium
445 1849 546 1896 summis
556 1849 689 1907 adiungere
699 1849 782 1906 rebus,

111 1943 149 1969 200
159 1920 227 1977 Nise,
238 1919 320 1976 fugis?
333 1918 411 1965 solum
420 1919 446 1964 te
456 1918 481 1964 in
491 1919 563 1965 tante
572 1917 681 1974 pericula
690 1919 808 1966 mittam?

160 1989 184 2036 N
185 2004 215 2036 on
225 1988 262 2035 ita
271 2003 309 2036 me
318 1987 423 2044 genitor,
433 1986 503 2033 bellis
513 1988 624 2034 assuetus
636 1986 763 2043 Opheltes,

160 2057 301 2114 Argolicum
310 2056 429 2103 terrorem
438 2055 505 2103 inter
515 2055 648 2111 Troiaeque
658 2054 753 2103 labores

159 2126 283 2173 sublatum
293 2125 390 2181 erudiit,
400 2139 445 2171 nec
455 2126 536 2171 tecum
546 2123 607 2170 talis
617 2123 688 2181 gessi,

160 2194 341 2252 magnanimum
351 2193 451 2240 Aenean
460 2194 486 2239 et
496 2193 551 2240 fata
560 2194 669 2239 extrema
679 2194 793 2240 secutus:

160 2265 197 2310 est
207 2263 254 2320 hic,
265 2265 302 2310 est
312 2261 406 2309 enimus
416 2261 477 2308 lucis
488 2263 642 2317 contemptor
652 2263 677 2308 et
687 2261 764 2308 istum

160 2331 202 2386 qui
212 2331 264 2379 vita
273 2331 333 2378 bene
343 2330 427 2377 credet
436 2329 492 2387 emi,
502 2345 550 2386 quo
562 2330 651 2385 tendis,
662 2329 797 2377 honorem!

160 2399 235 2446 Nisus
245 2400 277 2447 ad
286 2400 359 2448 lineo:
377 2398 383 2420 ‘
394 2399 513 2454 Equidem
524 2399 553 2446 de
563 2400 589 2446 te
599 2398 634 2444 uil
643 2398 694 2445 tale
704 2398 815 2453 verebar,

160 2482 205 2515 nec
214 2467 262 2523 fas,
271 2483 329 2523 non,
342 2467 378 2513 ita
387 2481 425 2514 me
434 2467 525 2514 referet
534 2466 580 2513 tibi
590 2481 693 2523 magnus
704 2467 818 2513 ovantem

209 2534 217 2582 (
227 2534 279 2582 324)
