1972 3164
433 188 544 230 sams.
569 190 589 229 X

173 282 302 340 continuit,
312 283 468 342 iuvenemque
478 286 553 333 animi
563 286 678 334 miserata
686 288 809 343 repressit.

174 349 278 397 Labitur
287 351 339 399 alta
348 368 432 400 secans
441 352 564 409 fluctuque
574 355 689 410 aestuque
698 355 809 411 secundo,

174 419 200 463 et
210 419 287 473 patris
297 420 422 476 antiquam
432 421 514 468 Dauni
524 422 634 468 defertur
643 423 675 469 sd
684 422 776 470 urbem.

202 485 238 533 At
248 487 312 535 Iovis
321 489 415 537 interca
424 489 522 537 monitis
532 490 667 537 Mezentius
677 491 764 538 ardens

124 566 165 614 690
174 556 281 602 succedit
291 572 386 613 pugnae
397 558 548 614 Teucrosque
557 559 650 606 invadit
660 561 768 607 ovantes.

175 623 331 673 Concurrunt
341 626 482 682 Tyrrhenae
491 627 554 674 acies
563 629 637 683 atque
647 628 758 675 omnibus
767 627 819 684 uni,

174 691 218 737 uni
228 692 333 749 odiisque
342 694 395 741 viro
403 695 504 750 telisque
513 695 679 751 frequentibus
688 696 791 744 instant.

174 758 221 806 Ille
231 760 299 808 velut
307 777 390 819 rupes,
401 765 499 810 vastum
508 779 569 820 quoe
579 765 659 820 prodit
668 765 694 811 in
703 781 800 822 aequor,

174 827 245 874 obvia
254 832 381 878 ventorum
391 831 462 878 furiis
472 834 617 888 expostaque
627 835 710 890 ponto,

174 896 224 943 vim
234 901 346 946 cunctam
359 902 431 956 atque
446 901 523 948 minas
537 901 630 957 perfert
645 902 751 960 caelique
764 902 849 950 maris-

233 982 286 1024 (lues

174 1035 228 1090 ipsa
236 1035 337 1084 immota
346 1052 455 1093 manens,
465 1038 556 1093 prolem
567 1039 722 1087 Dolichaonis
735 1040 849 1087 Hebrum

174 1105 262 1151 sternit
272 1105 347 1162 humi,
358 1121 414 1153 cum
423 1122 470 1162 quo
480 1109 601 1164 Latagum
611 1108 770 1164 Palmumque
779 1109 850 1166 fuga-

231 1187 291 1230 cem,

175 1241 218 1288 sed
227 1241 349 1298 Latagum
359 1257 417 1290 saxo
427 1244 499 1298 atque
509 1243 603 1298 ingenti
612 1243 732 1299 fragmine
742 1243 831 1291 montis

175 1310 279 1364 occupat
288 1325 315 1356 os
324 1310 457 1365 faciemque
467 1311 602 1368 adversam,
613 1311 704 1367 poplite
715 1311 828 1359 Palmum

125 1398 165 1436 700
176 1376 269 1424 succiso
278 1377 342 1424 volvi
352 1393 448 1434 segnem
459 1378 525 1435 sinit,
535 1394 650 1434 armaque
659 1380 741 1426 Lauso

175 1445 251 1492 donat
260 1446 349 1493 habere
359 1447 449 1493 umeris
458 1447 484 1493 et
493 1447 584 1494 vertice
593 1447 667 1503 figere
677 1448 772 1496 cristas.

175 1513 228 1561 Nec
238 1529 286 1561 non
296 1514 428 1561 Euanthen
434 1515 853 1573 Phrygium,ParidisqueMimanta
879 1539 885 1551 ν

175 1583 300 1638 aequalem
310 1583 477 1640 comitemque,
487 1599 537 1630 una
546 1598 617 1639 quem
627 1586 697 1631 nocte
707 1584 808 1632 Theano

174 1651 202 1697 in
211 1651 290 1698 lucem
300 1651 405 1709 genitori
413 1651 506 1708 Amyco
516 1652 590 1709 dedit,
601 1654 626 1699 et
636 1651 689 1700 face
701 1668 838 1710 praegnans

176 1720 263 1768 Cisseis
273 1720 358 1776 regina
368 1721 442 1766 Parin
452 1723 519 1768 creat
529 1741 535 1768 :
550 1721 610 1768 urbe
619 1721 723 1776 paterna

175 1789 286 1845 occubat,
296 1789 408 1845 ignarum
418 1790 527 1837 Iaurens
537 1789 610 1836 habet
620 1804 664 1836 ora
673 1789 803 1836 Mimanta.

175 1856 213 1903 Ac
223 1856 290 1904 velut
299 1857 340 1904 ille
350 1873 438 1904 canum
447 1873 528 1905 morsu
538 1858 568 1904 de
578 1857 701 1904 montibus
710 1857 767 1904 altis

176 1925 247 1971 actus
257 1940 324 1983 aper,
334 1925 424 1972 multos
434 1926 538 1974 Vesulus
548 1941 619 1982 quem
629 1925 719 1982 pinifer
728 1941 805 1973 annos

176 1992 285 2041 defendit
295 1995 431 2050 multosque
440 1994 511 2050 palus
520 1994 662 2050 Laurentia,
674 1992 735 2040 silva

129 2082 167 2120 710
177 2065 263 2117 pastus
281 2063 441 2119 harundines,
455 2065 584 2119 postwam
597 2062 662 2108 inter
675 2061 739 2107 retia
752 2062 852 2108 ventum

234 2133 279 2188 est,

177 2200 288 2247 substitit
297 2200 470 2254 infremuitque
480 2198 549 2244 ferox
559 2198 584 2244 et
593 2195 716 2243 inhorruit
725 2211 814 2254 armos,

177 2283 222 2315 nec
232 2269 343 2324 cuiquam
353 2267 425 2314 irasci
434 2267 578 2322 propiusque
588 2264 701 2313 accedere
710 2263 798 2321 virtus,

178 2338 220 2384 sed
229 2336 313 2384 iaculis
322 2336 430 2392 tutisque
440 2334 524 2390 procul
534 2333 678 2382 clamoribus
688 2332 781 2380 instant
790 2352 796 2390 ;

177 2406 218 2454 ille
227 2407 311 2453 sutem
320 2404 456 2460 impavidus
466 2404 548 2458 partes
559 2402 689 2448 cunctatur
698 2400 725 2447 in
734 2415 825 2458 omnes,

304 2490 339 2524 706.
361 2488 442 2523 ‘Parinz
455 2486 509 2521 Paris
516 2485 573 2520 nrbe'
581 2485 631 2526 conj.
639 2483 726 2526 Bentley.

226 2542 297 2592 (3⁶7)
