1972 3164
448 337 471 376 P.
484 336 604 377 VERGILI
616 336 745 377 MAROMS

260 434 336 481 maior
346 434 397 490 agit
408 434 466 481 deus
476 435 549 490 110111
558 449 632 490 opera
640 435 672 481 ad
681 434 775 481 maiora
785 434 913 483 remittit!

213 521 250 556 ⁴30
260 503 306 550 ille
315 503 400 549 avidus
411 518 506 560 pugnae
516 519 585 550 suras
594 502 726 550 incluserat
736 518 798 549 auro

260 571 317 618 hinc
327 571 399 625 atq11e
406 571 470 628 hinc,
478 571 574 626 oditque
581 586 660 618 moras
666 571 812 626 hastamque
820 578 943 620 coruscat.

261 639 394 694 Postquam
403 639 490 685 habilis
499 639 571 686 lateri
580 639 670 694 clipeus
679 639 803 695 loricaque
814 642 889 697 tergo
899 646 944 698 est,

260 706 394 755 Ascanium
403 707 464 754 fusis
475 707 565 755 circum
575 707 744 762 complectitur
754 709 842 766 armis,

261 790 401 830 summaque
409 791 453 830 per
461 775 556 831 galeam
566 775 673 822 delibans
682 775 767 822 oscula
776 776 852 823 fatur
861 799 866 824 :

263 845 270 867 ‘
279 845 360 901 Disce,
371 858 439 900 puer,
450 844 567 890 1111111111
576 858 607 890 ex
615 858 654 890 me
662 857 797 898 verumque
807 845 929 902 laborem,

261 913 387 959 fortunam
396 927 427 959 ex
436 911 497 959 aliis.
526 912 600 960 Nunc
609 913 634 958 te
644 927 697 958 mea
706 912 814 959 dextera
823 914 891 962 bello

262 980 388 1027 defensum
398 980 498 1027 dubitet
508 995 598 1036 magna
606 979 671 1026 inter
681 979 792 1036 praemia
803 982 888 1030 ducet.
916 1019 920 1027 .

263 1048 302 1094 Tu
311 1047 394 1104 facito,
405 1063 460 1094 mox
469 1063 524 1094 curn
533 1049 630 1094 matura
639 1047 773 1094 adoleverit
783 1053 865 1107 aetas,

263 1117 295 1166 sis
305 1130 403 1172 memor,
408 1118 433 1162 et
442 1117 467 1162 te
476 1116 555 1163 animo
562 1117 712 1171 repetentem
723 1119 839 1173 exempla
845 1120 944 1167 tuorum

215 1207 253 1244 440
263 1187 289 1232 et
298 1185 369 1240 pater
378 1184 471 1230 Aeneas
481 1185 506 1230 et
515 1183 648 1230 avunculus
658 1184 748 1231 excitet
759 1185 874 1234 Hector.’
978 1242 983 1253 ⁴

292 1253 360 1299 Haeo
369 1252 411 1298 ubi
420 1252 485 1299 dicta
494 1252 567 1309 dedit,
578 1252 654 1307 portis
665 1268 716 1299 sese
726 1253 818 1300 extulit
828 1255 924 1312 ingens,

263 1321 339 1369 telum
349 1320 453 1368 immane
462 1335 537 1366 menn
544 1321 653 1379 quatiens
662 1340 668 1377 ;
685 1321 757 1367 simul
763 1322 863 1378 agmine
869 1324 944 1370 denso

263 1390 421 1444 Antheusque
431 1389 618 1444 Mnestheusque
627 1392 704 1435 ruunt
715 1390 842 1446 omnisque
851 1391 942 1437 relictis

263 1457 337 1504 turba
346 1457 401 1504 fluit
411 1457 511 1504 castris:
526 1459 579 1504 tum
590 1472 659 1504 caeco
669 1457 768 1513 pulvere
779 1473 878 1513 campus

263 1525 378 1572 miscetur
388 1524 505 1580 pulsuque
515 1527 602 1581 pedum
612 1526 696 1572 tremit
706 1526 788 1573 excita
798 1526 879 1574 tellus.
961 1530 975 1633 1

263 1594 332 1642 Vidit
342 1593 372 1639 ab
382 1593 483 1640 adverso
492 1595 615 1641 venientes
625 1610 714 1652 aggere
724 1595 832 1651 Turnus,
897 1617 920 1638 υ

263 1662 344 1709 ridere
354 1660 462 1716 Ausonii,
473 1660 613 1717 gelidusque
623 1678 667 1717 per
677 1663 726 1709 ima
734 1662 844 1708 cucurrit
897 1694 906 1713 ,
972 1666 975 1675 ’

264 1745 319 1777 0111
329 1732 420 1775 tremor
430 1749 435 1775 :
450 1729 529 1785 prima
536 1732 592 1777 ante
602 1746 685 1777 omnes
695 1730 796 1776 Iuturna
805 1727 911 1773 Latinos
967 1716 973 1743 ¹

265 1798 341 1845 audiit
351 1797 496 1853 agnovitque
505 1814 598 1855 sonum,
609 1801 634 1845 et
644 1797 783 1846 tremefacta
790 1794 895 1851 refugit.

217 1885 254 1920 4⁵0
264 1865 310 1911 Ille
320 1864 385 1911 volat
396 1881 525 1921 campoque
535 1869 616 1913 atrum
626 1867 691 1922 rapit
701 1879 787 1922 agmen
797 1865 893 1918 aperto.

266 1932 349 1988 Qualis
358 1931 400 1977 ubi
410 1932 441 1978 ad
450 1935 529 1979 terras
540 1935 644 1989 abrupto
654 1935 730 1981 sidere
740 1932 837 1978 nimbus
902 1954 906 1960 ·

265 2001 285 2047 it
295 2015 361 2045 mare
370 2014 414 2054 per
423 2001 528 2047 medium
537 2022 542 2059 3
559 2003 650 2050 miseris
660 2002 706 2048 heu
716 1999 826 2055 praescia
837 1999 916 2056 longe
958 1976 963 2027 i

265 2068 408 2115 horrescunt
418 2069 490 2115 corda
500 2070 612 2126 agricolis
622 2091 627 2127 3
643 2068 708 2117 dabit
717 2067 757 2114 ille
767 2066 857 2112 ruinas

265 2135 390 2184 arboribus
401 2138 553 2194 stragemque
563 2139 631 2194 satis,
642 2140 697 2184 ruet
706 2136 787 2183 omnia
796 2135 849 2181 late
861 2154 868 2190 ;

266 2208 323 2253 ante
332 2205 416 2252 volant
426 2207 577 2261 sonitumque
587 2207 671 2253 ierunt
681 2206 712 2252 ad
721 2205 795 2250 litora
800 2205 873 2250 venti
885 2225 890 2250 z
945 2203 947 2207 ’

266 2275 323 2321 talis
333 2274 359 2321 in
370 2274 482 2321 adversos
493 2275 579 2321 ductor
587 2275 719 2321 Rhoeteius
729 2272 811 2318 hostes

266 2357 355 2401 agmen
365 2344 424 2399 agit,
436 2343 502 2389 densi
512 2343 593 2389 cuneis
603 2357 628 2389 se
638 2342 736 2397 quisque
746 2340 838 2387 coactis

267 2411 442 2468 agglomerant.
482 2411 551 2458 Ferit
569 2425 625 2458 ense
649 2424 749 2466 gravem
775 2409 950 2464 Thymbraeus

323 2480 424 2537 01111111,

267 2548 423 2596 Tarchetium
456 2548 606 2603 Mnestheus,
640 2546 775 2602 Epulonem
813 2546 950 2595 obtruncet

322 2615 429 2664 Achates
451 2632 484 2679 'nv

315 2683 385 2731 (11)
435 2682 437 2687 ’
