1972 3164
436 156 546 198 antima.
571 157 591 197 X

122 251 163 301 ⁵⁶0
173 251 240 300 unda
248 253 319 309 feret,
330 253 453 309 piscesque
462 253 562 309 impasti
570 254 673 302 vulnera
682 253 807 303 lambent!

174 320 288 368 Pr0tinus
296 320 420 369 Antaeum
427 323 453 368 et
460 322 561 377 Lucam,
568 321 649 379 prima
656 322 755 378 agmina
764 323 850 380 Turni,

172 390 326 446 persequitur
335 390 472 446 fortemque
481 391 589 439 Numam
600 390 744 447 fulvumque
754 391 851 439 Camer-

228 458 287 515 tem,

171 527 327 583 magnanimo
335 527 452 576 Volcente
463 529 552 586 satum,
563 527 696 576 ditissimus
706 527 760 585 agri

172 595 214 651 qui
223 595 272 642 fuit
281 597 433 644 Ausonidum
443 600 469 645 et
478 598 560 646 tacitis
570 599 683 656 regnavit
693 597 812 654 Amyclis.

171 663 286 721 Aegaeon
295 664 382 722 qualis,
392 669 490 713 centum
500 667 540 715 cui
548 667 662 714 bracchia
671 666 756 714 dicunt

171 734 331 789 centenasque
341 749 435 791 manus,
446 735 621 792 quinquaginta
630 734 711 782 oribus
721 734 803 791 ignom

172 801 355 858 pectoribusque
365 803 461 860 arsisse,
471 803 537 851 Iovis
546 819 602 851 cum
613 803 717 850 fulmina
725 804 812 850 contra

171 869 211 916 tot
220 869 319 925 paribus
329 872 448 927 streperet
458 870 548 928 clipeis,
559 874 597 919 tot
607 872 740 930 stringeret
749 885 833 919 enasse

172 937 206 985 sic
215 940 268 986 toto
277 939 372 987 Aeneas
381 940 488 988 desaevit
497 940 524 987 iu
533 955 637 996 aequore
645 941 733 998 victor,

122 1022 162 1062 570
171 1009 201 1054 ut
210 1008 282 1055 semel
291 1008 397 1065 intepuit
406 1024 498 1057 mucro.
528 1009 593 1066 Quin
602 1024 657 1056 ecco
666 1008 773 1065 Niphaei

171 1076 324 1135 quadriiugos
334 1078 360 1124 in
369 1093 441 1134 equos
451 1078 599 1134 adversaque
609 1078 708 1133 pectora
717 1074 805 1123 tondit.

170 1145 252 1202 Amne
261 1146 297 1192 illi
306 1147 378 1205 longe
387 1147 539 1203 gradientem
548 1147 574 1194 et
583 1145 638 1193 dira
646 1144 793 1192 frementem

172 1216 202 1261 ut
211 1214 300 1270 ridere,
311 1216 379 1262 metu
388 1215 452 1261 versi
461 1216 575 1270 retroque
584 1215 684 1260 ruentes

170 1282 347 1338 effundunbmre
357 1282 442 1329 ducem
451 1282 598 1338 rapiuntque
607 1281 639 1328 ad
648 1281 721 1328 litora
730 1297 825 1330 currus.

171 1351 270 1398 Interea
278 1350 366 1407 biiugis
375 1349 452 1396 infert
462 1365 487 1396 so
496 1351 609 1406 Lucagus
619 1347 682 1396 albis

169 1420 197 1467 in
206 1419 296 1466 medios
305 1418 428 1475 fraterque
438 1417 513 1474 Liger
522 1437 528 1474 ;
543 1417 586 1465 sed
595 1417 674 1464 frater
682 1416 783 1466 habenis

169 1487 247 1536 flectit
257 1501 339 1543 equos,
350 1486 463 1534 strictum
472 1486 539 1533 rotat
549 1501 605 1533 acer
614 1486 727 1543 Lucagus
737 1501 827 1534 ensem.

170 1556 247 1605 Haud
256 1555 315 1603 tulit
324 1556 420 1603 Aeneas
430 1556 501 1602 tanto
510 1554 606 1601 fervore
615 1553 724 1600 furentes
733 1574 738 1601 ε

169 1625 244 1672 irruit
253 1626 401 1679 adversaque
410 1623 495 1680 ingens
504 1622 618 1679 apparuit
627 1623 707 1669 hasta.

122 1700 160 1749 580
171 1694 218 1742 Oui
228 1694 316 1751 Liger:

171 1763 243 1810 ‘Non
253 1761 377 1809 Diomedis
387 1774 460 1817 equos
470 1774 513 1806 nec
524 1775 623 1807 currum
633 1759 712 1807 cernis
721 1759 824 1807 Achillis

170 1832 215 1878 aut
225 1829 346 1886 Phrygiae
356 1843 453 1885 campos
463 1848 469 1876 ε
484 1843 550 1875 nunc
559 1827 616 1875 belli
625 1827 680 1874 finis
690 1829 715 1875 et
724 1828 778 1876 aevi

170 1899 208 1946 his
218 1899 317 1946 dabitur
326 1896 416 1944 terris!
446 1896 542 1944 Vesano
550 1896 611 1944 talia
619 1896 669 1943 lato

170 1967 237 2015 dicta
246 1966 329 2014 volant
339 1964 429 2023 Ligeri.
459 1964 507 2012 Sed
516 1980 565 2012 non
574 1966 599 2013 et
608 1966 696 2012 Troius
705 1964 777 2012 heros

170 2035 418 2091 dictaparatoontra:
430 2032 537 2081 iaculum
545 2033 736 2088 namtorqnetin
743 2032 847 2080 hostem.

171 2105 283 2161 Lucagus
293 2104 322 2150 ut
331 2117 422 2159 pronus
430 2102 538 2159 pendens
547 2101 573 2146 in
583 2100 684 2147 verbera
692 2099 742 2146 telo

171 2172 298 2221 admonuit
307 2172 409 2230 biiugos,
420 2170 527 2227 proiecto
537 2169 595 2214 dum
605 2168 665 2223 pedo
674 2166 743 2214 laevo

170 2243 241 2297 aptat
252 2256 277 2288 se
286 2255 391 2297 pugnae,
401 2238 467 2286 subit
477 2253 531 2285 oras
541 2236 613 2282 hasta
622 2251 666 2291 per
674 2234 736 2281 imas

172 2309 289 2366 fulgentis
299 2308 378 2365 clipei,
388 2310 442 2354 tum
452 2306 547 2353 laevum
557 2303 668 2360 perforat
677 2303 781 2360 inguen:

123 2396 161 2434 590
172 2393 288 2425 excussus
299 2392 373 2425 curru
383 2375 540 2422 moribundus
549 2372 656 2420 volvitur
665 2372 739 2420 arvis.

173 2448 251 2505 Quem
260 2446 314 2502 pius
325 2447 419 2493 Aeneas
429 2443 500 2491 dictis
509 2443 602 2490 affatur
611 2440 699 2488 amaris
709 2460 715 2490 ε

219 2514 289 2564 (363)
