1972 3164
373 168 395 207 P.
409 167 528 208 VERGILI
540 167 671 210 MARONIS

183 264 333 322 miraturque
342 265 454 322 interque
463 281 550 314 manus
559 269 585 314 et
593 267 710 316 bracchia
720 275 806 320 versat

135 346 173 384 620
183 334 315 382 terribilem
325 334 405 382 cristis
414 335 509 392 galeam
518 334 677 392 flammasque
687 343 835 400 vomentem,

183 403 356 459 fatiferumque
365 417 454 460 ensem,
464 403 563 450 loricam
572 418 603 450 ex
612 418 669 452 aere
678 404 802 462 rigentem

183 471 340 528 sanguineam
349 471 480 530 ingentem,
491 472 568 528 qualis
579 487 635 520 cum
645 474 747 522 caerula
758 477 834 526 nubes

183 540 239 588 solis
249 540 380 589 inardescit
390 541 464 588 radiis
474 540 591 597 longeque
600 541 725 601 reiulgct;

182 610 237 657 turn
246 609 310 656 leves
320 624 402 656 ocreas
411 609 501 657 electro
510 625 618 666 auroque
627 613 736 669 recocto,

182 677 325 734 hastamque
335 680 360 725 et
370 677 440 734 clipei
450 693 498 725 nou
507 679 644 727 enarrabile
653 681 763 730 textum.

182 747 236 793 lllic
247 762 284 793 res
295 747 372 793 Italas
382 747 593 803 Romanorumque
603 748 755 808 triumphos,

182 815 248 862 haud
257 817 342 863 vatum
351 817 450 872 ignarus
460 816 603 872 venturique
612 817 703 865 inscius
713 819 778 878 aevi,

181 884 274 931 fecerat
284 885 433 942 Ignipotens,
442 883 492 932 illio
501 900 577 941 genus
587 900 658 933 omne
667 886 771 936 futurae
857 909 860 912 ⁴

182 953 265 1010 stirpis
275 953 306 1000 ab
316 953 420 1002 Mcauio
429 956 585 1011 pugnataque
594 954 620 1001 in
629 955 714 1002 ordine
724 956 797 1004 bella.

134 1030 172 1080 ⁶30
183 1022 286 1069 Fecerat
295 1024 320 1070 et
330 1022 402 1070 viridi
411 1022 488 1070 fetam
499 1022 619 1070 Mavortis
629 1022 656 1070 in
666 1026 741 1072 antro

182 1091 337 1147 procubuisse
346 1092 438 1149 lupam,
448 1092 556 1149 geminos
565 1092 622 1139 huic
632 1091 709 1140 ubera
719 1093 811 1142 circum

181 1160 265 1208 ludere
275 1160 407 1217 pendentes
417 1176 504 1216 pueros
514 1162 539 1208 et
548 1161 655 1208 lambere
665 1164 773 1210 matrem

181 1228 323 1289 impavidos,
334 1230 402 1278 iilam
411 1229 485 1277 tereti
494 1229 585 1278 cervice
594 1229 686 1278 reflexa

181 1299 288 1346 mulcere
299 1298 405 1347 alternos
415 1299 440 1345 et
451 1313 551 1354 corpora
561 1298 652 1355 fingere
662 1299 757 1356 lingua.

181 1366 234 1414 Nec
253 1368 337 1423 procul
356 1367 412 1415 hinc
436 1367 539 1414 Romam
559 1368 584 1414 et
607 1369 693 1423 raptas
716 1369 771 1418 sine
794 1384 858 1418 more

239 1436 342 1483 Sabinas

182 1520 297 1552 consessu
306 1520 402 1562 caveae,
413 1505 508 1564 maguis
519 1505 672 1553 Circensibus
682 1507 754 1564 uotis,

181 1573 316 1630 addiderat,
328 1574 453 1630 subitoque
463 1576 553 1621 novum
562 1589 707 1632 consurgere
717 1575 811 1624 bellum
856 1615 859 1620 .

181 1642 315 1690 Romulidis
326 1642 443 1698 Tatioque
453 1643 504 1690 seni
514 1642 663 1698 Curibusque
673 1645 773 1691 severis.

182 1713 241 1759 Post
249 1711 312 1758 idem
320 1711 384 1757 inter
394 1726 418 1757 se
428 1711 506 1766 posito
516 1710 647 1758 certamine
657 1726 728 1768 reges

134 1784 171 1831 640
182 1780 271 1828 armati
281 1780 345 1826 Iovis
356 1781 413 1826 ante
423 1795 492 1826 aram
502 1781 645 1835 paterasque
655 1781 768 1827 tenentes

183 1850 282 1898 stabant
292 1851 317 1896 et
326 1863 396 1896 caesa
405 1847 539 1904 iungebant
548 1847 647 1895 foedera
656 1863 739 1903 porca.

184 1919 258 1966 Haud
273 1917 357 1974 procul
371 1916 427 1964 inde
442 1916 504 1963 citae
517 1916 625 1963 Mettum
638 1915 664 1962 in
677 1916 774 1963 diversa
787 1917 859 1972 quad·

237 2001 304 2044 ngas
857 2005 860 2009 ’

181 2056 329 2103 distulerant
340 2056 375 2111 (at
385 2057 414 2102 tu
424 2053 503 2110 dictis,
514 2053 618 2111 Albane,
629 2068 739 2101 maneres
750 2054 766 2109 l)

180 2125 341 2181 raptabatque
352 2124 399 2170 viri
408 2123 531 2170 mendacis
542 2123 635 2169 viscera
645 2121 733 2168 Tullus

181 2210 224 2249 per
234 2194 328 2249 silvam,
339 2194 364 2239 et
374 2191 452 2248 sparsi
461 2192 578 2238 rorabant
588 2190 707 2247 sanguiue
717 2205 813 2246 vepres.

181 2263 233 2309 Nec
243 2278 291 2309 non
301 2261 459 2316 Tarquinium
469 2261 572 2307 eiectum
583 2260 709 2306 Porsenna
717 2259 819 2306 iubebat

181 2331 288 2386 accipere
298 2330 439 2386 ingentique
448 2328 534 2375 urbem
543 2328 665 2375 obsidione
675 2328 802 2383 premebat
813 2348 818 2374 :

181 2400 308 2446 Aeneadae
319 2399 345 2445 in
355 2398 448 2445 ferrum
458 2413 503 2453 pro
513 2397 626 2443 libertate
635 2397 748 2443 ruebant.

181 2466 255 2513 Illum
265 2467 402 2523 indignanti
413 2465 514 2512 similem
525 2465 674 2520 similemque
684 2464 791 2511 minanti

229 2534 238 2582 (
247 2535 299 2583 314)
