1972 3164
364 181 387 218 P.
400 179 521 220 VERGILI
534 180 665 220 MARONIS

177 278 203 323 ei
212 276 270 324 iacit
280 296 286 324 ι
299 277 343 324 illa
351 277 437 325 volans
447 278 516 334 clipei
526 278 714 326 transverberat
723 295 782 329 aera

180 346 288 393 Maeonis
297 348 323 394 et
332 346 434 394 thoraca
443 346 515 393 simul
525 362 580 394 cnm
590 348 690 402 pectore
699 349 801 405 rumpit.

180 416 245 462 Huic
255 415 332 462 irater
342 415 407 462 subit
416 415 531 472 Alcanor,
541 415 693 472 fratremque
702 419 815 464 ruentem

179 485 303 531 sustentat
322 484 421 531 dextra:
436 485 538 531 traiecto
547 484 622 532 missa
630 484 723 532 lacerto

132 569 169 606 340
180 553 290 609 protinus
299 552 371 600 hasta
380 552 445 611 fugit
455 554 583 609 servatque
593 555 696 601 cruenta
705 555 824 611 tenorem,

180 623 326 677 dexteraque
336 636 366 668 ex
375 637 459 669 umero
468 622 549 669 nervis
559 621 705 670 moribunda
714 624 837 679 pependit.

181 691 245 738 'an
255 690 370 737 Numitor
379 689 458 737 iaculo
467 689 553 737 fratris
564 690 593 737 de
604 706 704 746 corpore
714 693 788 747 rapto

180 760 279 807 Aenean
290 759 373 815 petiit:
388 758 429 806 sed
438 773 487 805 non
496 760 522 806 et
532 758 605 814 figere
615 761 703 806 contra

180 830 217 876 est
227 827 330 884 licitum,
342 827 470 884 magnique
479 826 561 873 femur
569 827 714 883 perstrinxit
723 828 841 876 Achatae.

181 897 229 944 Hic
240 897 343 943 Curibus
354 896 430 943 fidens
440 894 563 951 primaevo
573 911 672 952 corpore
681 895 786 944 Clausus

180 965 286 1020 advenit,
296 966 321 1011 et
330 963 409 1020 rigida
419 963 543 1019 Dryopem
552 963 612 1010 ierit
621 963 716 1011 eminus
726 964 799 1012 hasta

181 1033 226 1081 sub
236 1034 345 1080 mentum
354 1032 462 1089 graviter
471 1047 564 1088 pressa,
575 1032 714 1088 pariterque
723 1032 843 1090 loquentis

181 1117 263 1149 vocam
273 1102 425 1156 animamque
435 1100 501 1156 rapit
510 1101 613 1148 traiecto
622 1102 725 1158 gutture
734 1121 741 1159 ;
755 1104 783 1149 at
792 1101 832 1148 ille

182 1170 263 1218 fronte
273 1170 330 1217 ferit
340 1171 432 1216 terram
442 1171 468 1216 et
477 1185 586 1217 crassum
595 1170 672 1217 vomit
682 1185 724 1218 ore
738 1185 847 1218 cruorem

135 1253 171 1290 350
183 1239 243 1286 Tres
253 1254 346 1294 quoque
357 1238 478 1286 Threicios
488 1239 580 1285 Boreae
590 1238 703 1294 degente
713 1254 835 1296 suprema,

183 1310 207 1355 et
218 1309 276 1363 tres,
287 1321 344 1363 quos
355 1307 412 1354 Idas
422 1308 527 1362 pateret
537 1306 620 1362 patria
629 1307 725 1354 Ismara
734 1308 820 1366 mittit,

183 1391 226 1432 per
235 1376 314 1423 varios
325 1376 413 1423 sternit
423 1390 501 1422 casus.
531 1375 647 1423 Accurrit
657 1375 780 1422 Halaesus

183 1445 358 1500 Auruncaeque
368 1460 463 1501 manus,
474 1443 539 1492 subit
548 1446 574 1491 et
583 1444 710 1500 Neptunia
719 1444 808 1500 proles,

182 1513 284 1570 insignis
294 1514 423 1569 Messapus
433 1513 508 1570 equis.
538 1513 667 1570 Expellere
677 1513 785 1561 tendunt

183 1598 247 1630 nuno
258 1582 291 1640 hi,
301 1598 366 1629 nunc
375 1582 412 1628 illi
422 1600 429 1639 3
444 1584 554 1630 certatur
563 1581 645 1628 limine
654 1581 680 1628 in
689 1582 744 1638 ipso

183 1651 312 1699 Ausoniae.
341 1651 433 1707 Magno
443 1651 564 1698 discordes
574 1650 672 1698 aethere
682 1649 751 1697 venti

183 1720 275 1776 proelia
284 1735 328 1767 ceu
336 1718 428 1766 tollunt
438 1718 524 1766 animis
534 1720 559 1766 et
568 1719 659 1765 viribus
669 1719 751 1775 aequis
761 1737 768 1776 3

184 1804 232 1835 non
241 1788 288 1844 ipsi
296 1788 361 1835 inter
371 1803 404 1844 se,
414 1803 463 1834 non
473 1787 565 1843 nubila,
579 1802 629 1834 non
639 1803 706 1835 mare
716 1787 797 1844 eedit;

184 1872 271 1913 auceps
282 1872 364 1914 pugna
373 1856 423 1914 diu,
435 1857 503 1903 stant
512 1856 601 1903 obnixa
610 1856 692 1903 omnia
701 1858 802 1904 contra:

138 1935 173 1983 360
184 1925 250 1972 haud
260 1925 331 1972 aliter
341 1925 460 1972 Troianae
470 1925 533 1972 acies
542 1924 652 1980 aciesque
662 1925 767 1971 Latinae

185 1996 332 2041 concurrunt
345 2015 350 2041 :
365 1993 450 2041 haeret
459 1993 519 2049 pede
529 2008 570 2049 pes
580 1993 714 2048 densusque
723 1993 777 2039 viro
786 1991 831 2038 vir.

213 2062 248 2110 At
258 2064 328 2118 parte
339 2077 368 2109 ex
378 2061 434 2118 alia,
444 2077 492 2117 qua
502 2077 560 2108 saxa
568 2061 678 2108 rotantia
686 2062 737 2108 late

184 2126 314 2187 impulerat
323 2132 418 2176 torrens
428 2130 575 2185 arbustaque
586 2129 668 2176 diruta
677 2129 746 2185 ripis,

185 2200 294 2247 Arcadas
303 2199 409 2246 insuetos
420 2198 482 2245 acies
492 2198 583 2245 inferre
593 2198 717 2254 pedestres

185 2269 214 2314 nt
223 2269 284 2315 vidit
294 2267 375 2314 Pallas
386 2267 457 2313 Latio
466 2267 524 2314 dare
534 2269 604 2323 terga
614 2266 738 2322 sequaci-

186 2351 272 2391 aspera
281 2336 333 2392 quis
342 2337 432 2382 natura
441 2335 487 2382 loci
496 2335 618 2382 dimittere
628 2333 725 2390 qnando

186 2404 262 2451 suasit
272 2419 449 2460 equos-unum
459 2403 522 2459 quod
531 2403 604 2450 rebus
613 2402 690 2449 restat
700 2402 791 2460 egenis,

186 2487 250 2519 nunc
260 2488 339 2528 prece,
349 2488 413 2519 nunc
423 2472 494 2518 dictis
504 2472 620 2518 virtutem
635 2471 746 2518 accendit
754 2470 843 2517 amaris
854 2491 859 2516 ι

234 2540 242 2588 (
252 2541 304 2589 356)
