1972 3164
310 189 420 229 AENEIS.
445 188 476 228 XI

56 301 144 342 agmen
153 301 228 342 agens
236 285 344 341 equitum
353 288 378 332 et
389 286 502 333 florentes
513 299 568 332 aere
578 286 698 333 catervas.

57 353 127 410 Quod
137 353 157 400 si
166 368 204 400 me
214 353 291 400 solum
301 353 386 400 Teucri
394 352 421 400 in
431 352 569 400 certamina
578 355 689 410 poscunt,

55 422 127 478 idque
136 421 223 478 placet,
233 423 377 477 tantumque
386 421 435 468 bon
439 421 461 468 is
471 420 636 468 communibus
646 420 724 478 obsto,

56 506 106 537 non
116 491 175 537 adeo
184 490 228 537 has
238 505 310 537 exosa
318 505 404 537 manue
414 489 529 537 Victoria
537 488 610 546 fugit,

57 561 87 605 nt
96 560 168 605 tanta
177 558 304 614 quicquam
313 573 357 613 pro
367 573 411 614 spe
420 559 542 613 temptare
551 572 667 604 recusem.

58 626 104 673 Ibo
113 626 199 672 animis
209 628 303 681 contra,
313 626 353 672 vel
365 641 480 682 magnum
494 627 601 681 praestet
614 625 735 674 Achillem

58 694 172 749 factaque
182 694 286 742 Vulcani
295 693 405 741 manibus
415 694 484 750 paria
492 693 579 741 induat
588 709 658 742 arma

10 773 50 812 ⁴40
58 762 99 809 ille
109 763 173 810 licet.
203 761 276 810 Vobis
286 762 391 808 animam
400 762 463 809 hanc
473 776 598 818 soceroque
608 763 697 810 Latino

60 832 158 879 Turnus
168 846 221 889 ego,
232 831 298 877 haud
307 829 350 876 ulli
360 832 469 878 veterum
478 830 569 878 virtute
579 832 707 889 secundus,

60 900 152 947 devovi.
183 900 199 921 “
209 899 293 946 Solum
302 899 396 946 Aeneas
406 900 476 946 vocat
486 899 516 946 :''
532 901 558 947 et
566 902 636 948 vocet
645 915 688 948 oro
699 919 706 958 ;

59 984 104 1016 nee
113 968 223 1016 Drances
233 967 321 1024 potius,
332 967 382 1015 sive
391 969 429 1014 est
437 968 496 1015 haec
505 967 543 1015 ira
552 969 660 1026 deorum,

59 1039 137 1083 morte
147 1036 208 1093 luat,
219 1040 268 1084 sive
278 1037 316 1084 est
325 1037 401 1082 virtus
414 1038 439 1084 et
448 1036 534 1094 gloria,
550 1037 640 1084 tollat?

88 1104 129 1151 Illi
137 1105 197 1152 haee
205 1105 271 1152 inter
280 1119 306 1152 se
316 1104 394 1151 dubiis
404 1105 516 1152 derebus
526 1105 632 1160 agebant

59 1174 181 1220 certantes
192 1192 198 1228 ;
212 1175 294 1220 castra
302 1173 397 1220 Aeneas
406 1172 528 1227 aciemque
537 1173 663 1219 movebat:

61 1240 164 1288 nuntius
174 1240 269 1296 ingenti
278 1255 322 1295 per
330 1240 398 1295 regia
406 1241 473 1286 tecta
481 1239 591 1286 tumultu

61 1324 117 1356 ecee
126 1309 187 1365 ruit,
197 1308 339 1364 magnisque
347 1307 432 1354 urbem
444 1305 578 1355 terroribus
587 1307 680 1365 implet,

60 1377 194 1423 instructos
205 1376 256 1423 acie
266 1375 379 1422 Tiberino
388 1391 404 1422 a
413 1374 511 1422 flumine
521 1374 626 1422 Teucros

12 1460 52 1500 450
62 1445 261 1501 Tyrrhenamque
271 1459 371 1491 manum
379 1443 438 1490 totis
447 1444 591 1492 descendere
600 1444 700 1500 campis.

61 1513 192 1569 Extemplo
201 1512 297 1560 turbati
306 1511 382 1558 animi
390 1527 551 1568 concussaque
560 1513 627 1569 vulgi

62 1584 171 1638 pectem,
182 1583 207 1628 et
217 1582 326 1629 arrectae
337 1579 440 1627 stimulis
449 1580 515 1627 haud
524 1580 635 1627 mollibus
644 1581 703 1629 irae.

61 1651 140 1698 Arna
148 1665 224 1696 manu
232 1649 321 1707 trepidi
330 1650 441 1705 poscunt,
451 1648 535 1696 fremit
542 1649 737 1708 armaiuventus,

61 1720 123 1768 fient
128 1718 215 1766 maesti
221 1720 378 1774 mussantque
384 1720 474 1774 patres.
486 1718 739 1774 Hioundiqueclam0r

62 1787 173 1834 dissensu
182 1786 251 1833 vario
260 1801 363 1844 magnus
373 1801 399 1834 se
407 1786 473 1834 tollit
481 1786 507 1832 in
518 1802 591 1834 auras
601 1807 606 1834 :

61 1856 128 1904 haud
138 1871 206 1904 secus
217 1856 290 1911 afflue
300 1855 351 1902 alto
360 1855 386 1902 in
395 1855 450 1902 luco
459 1870 514 1902 cum
523 1855 588 1902 torte
598 1856 709 1903 catervae

62 1925 190 1972 consedere
200 1924 289 1981 avium,
300 1924 422 1979 piscosove
431 1939 503 1971 amne
512 1923 623 1970 Padusae

63 1993 123 2040 dant
134 1993 240 2040 sonitum
249 1993 318 2040 rauci
327 2009 371 2048 per
380 1994 469 2048 stagna
477 1991 587 2047 loquacia
596 1991 672 2046 cycni.

66 2061 172 2108 ‘Immo'
184 2062 220 2108 ait
231 2061 260 2109 ‘o
270 2061 346 2108 cives'
357 2063 456 2116 arrepto
465 2061 574 2114 tempore
583 2059 689 2112 Turnus,

15 2133 54 2182 460
65 2129 71 2150 ‘
82 2130 159 2186 cogite
169 2130 295 2177 concilium
304 2130 330 2176 et
340 2144 423 2184 pacem
432 2127 531 2174 laudate
540 2126 665 2173 sedentes:

64 2197 100 2244 illi
110 2198 183 2244 armis
193 2198 219 2244 in
228 2212 304 2253 regna
314 2196 407 2243 ruunt.'
438 2195 490 2242 Nec
499 2195 571 2250 plura
580 2193 674 2240 locutus

65 2266 182 2321 corripuit
193 2280 243 2312 sese
253 2266 278 2312 et
287 2265 358 2311 tectis
369 2265 432 2311 citus
442 2263 530 2310 extulit
540 2261 604 2308 altis.

66 2334 72 2355 ‘
81 2335 128 2390 Tu,
140 2334 237 2390 Voluce,
249 2333 340 2380 armari
352 2332 495 2380 Volscorum
504 2331 570 2379 edice
580 2329 705 2387 maniplos,

64 2402 120 2449 duc'
131 2402 167 2448 ait
178 2401 217 2448 ‘et
227 2401 340 2448 Rutulos.
371 2401 484 2456 Equitem
494 2401 621 2455 Messapus
630 2399 656 2445 in
664 2399 738 2447 armis

65 2473 90 2519 ct
101 2470 245 2517 cumfratre
255 2469 329 2518 (toras
339 2468 396 2517 latis
406 2469 536 2516 diffundite
545 2467 645 2526 campis.

114 2540 123 2587 (
132 2539 186 2589 389)
