1972 3164
408 173 557 215 Buoouce
582 173 602 212 V

169 268 195 314 ot
204 281 266 324 puer
274 266 326 323 ipse
334 265 383 314 fuit
392 265 487 314 cantari
496 265 592 324 dignus,
602 267 628 313 et
637 265 686 313 ista

168 334 218 383 iam
227 335 322 392 pridem
332 334 467 384 Stimichon
475 335 585 383 laudarit
595 337 703 382 earmina
711 334 787 381 uobis.

197 403 253 452 Ma.
286 404 408 453 Candidus
417 403 540 451 insuetum
549 403 654 449 miretur
663 402 736 449 limen
746 403 843 458 Olympi

167 471 215 521 sub
223 472 370 529 pedibusque
379 473 445 520 ridet
454 473 531 520 nubes
541 474 567 520 et
576 473 656 519 sidera
666 471 785 527 Daphnis.

168 541 238 600 Ergo
247 540 334 588 alaosis
344 540 417 588 silvas
426 543 452 588 et
462 542 543 588 oetera
550 557 610 588 rura
619 540 733 596 voluptas

168 609 285 665 Panaque
294 611 450 666 pastoresque
459 610 527 656 tenet
537 611 694 666 Dryadasque
704 608 805 665 puellos.

131 680 158 718 ⁶0
168 679 223 726 Neo
232 678 304 734 lupus
311 678 410 725 insidias
420 678 508 734 pecori,
518 693 562 725 neo
571 678 635 725 retia
644 677 720 726 cervis

168 746 222 793 ulla
230 746 312 793 dolum
321 746 471 793 meditantur
479 765 485 802 ς
499 748 565 793 amat
575 746 653 792 bouus
662 746 712 793 otia
722 745 842 802 Daphnis.

168 814 222 871 Ipsi
231 814 325 862 laetitia
334 829 404 862 voees
414 814 446 861 ad
455 813 535 861 sidera
544 814 637 862 iactant

167 883 261 931 intonsi
269 885 377 939 moutes3
392 882 458 938 ipsae
467 881 516 928 iam
527 882 635 930 carmina
643 899 723 940 rupes,

168 951 224 1008 ipsa
233 952 321 999 sonent
330 951 445 998 arbusta:
461 951 551 1008 ‘Deus,
562 951 619 998 deus
629 951 677 1009 ille,
688 951 815 998 Menalca!
824 952 830 971 '

170 1019 210 1067 sis
218 1019 296 1066 bonus
305 1034 320 1066 o
328 1018 432 1076 felixque
441 1019 491 1066 tuis
500 1023 505 1066 l
519 1034 549 1066 en
559 1022 675 1076 quattuor
684 1035 752 1067 aras:

169 1103 225 1137 eooe
235 1087 295 1135 duas
305 1087 357 1145 tibi,
368 1087 476 1145 Daphni,
487 1088 547 1135 duas
557 1088 644 1135 altaria
654 1088 759 1135 Phoebo.

170 1156 263 1204 Pooula
273 1155 331 1203 bina
340 1171 401 1204 novo
411 1157 550 1212 spumantia
559 1157 622 1205 laete
632 1157 761 1214 quotannis

170 1228 325 1280 craterasque
335 1225 383 1272 duo
392 1227 501 1272 statuam
510 1226 555 1272 tibi
565 1226 661 1282 pinguis
671 1225 727 1272 olivi
735 1243 742 1281 ;

170 1296 197 1343 et
205 1294 284 1341 multo
292 1294 319 1341 in
328 1293 411 1350 primis
420 1293 529 1341 hilarans
539 1294 648 1342 convivia
656 1293 761 1349 Baccho,

135 1377 161 1415 70
170 1365 229 1411 ante
238 1363 328 1420 fooum,
339 1363 360 1409 si
369 1361 448 1420 frigus
458 1362 512 1419 erit,
524 1363 544 1409 si
554 1361 645 1417 messis,
655 1361 681 1407 in
691 1360 778 1406 umbra

170 1431 229 1478 vina
237 1446 327 1478 novum
336 1430 438 1478 fundam
448 1429 551 1477 calathis
560 1428 659 1475 Ariusia
668 1429 761 1475 nectar.

171 1499 313 1548 (laniabunt
322 1498 381 1545 mihi
391 1499 523 1546 Damoetas
533 1500 558 1544 et
568 1497 667 1552 Lyctius
677 1496 776 1553 Aeuom

170 1567 289 1616 saltantes
300 1568 400 1625 Satyros
409 1567 547 1614 imitabitur
556 1565 738 1622 Alphesiboeus.

170 1636 241 1684 Haeo
250 1637 295 1683 tibi
304 1651 399 1692 semper
408 1637 489 1692 erunt,
500 1637 525 1682 et
535 1651 590 1682 oum
600 1634 724 1681 sollemnia
733 1636 791 1682 vota

170 1705 298 1753 reddemus
307 1705 436 1762 Nymphis,
446 1705 472 1751 et
481 1720 536 1751 oum
546 1703 703 1750 lustrabimus
713 1718 793 1760 agros.

171 1775 239 1822 Dum
248 1774 307 1832 iuga
315 1774 404 1821 montis
413 1788 480 1830 aper,
490 1773 575 1820 fluvios
585 1773 643 1818 dum
652 1772 723 1827 piscis
734 1770 834 1828 amabit,

171 1842 276 1899 dumque
285 1842 370 1898 thymo
380 1843 511 1898 pascentur
520 1856 586 1898 apes,
597 1840 655 1887 dum
664 1855 719 1887 rore
728 1839 832 1897 oioadae‚

171 1926 267 1967 semper
271 1911 347 1958 honos
353 1926 486 1965 nomenque
491 1912 562 1956 tuum
567 1909 696 1965 laudesque
702 1907 843 1955 manebunt.

172 1979 210 2027 Ut
219 1979 317 2027 Baooho
327 1979 463 2034 Cererique,
473 1979 519 2025 tibi
528 1979 562 2026 sio
571 1980 629 2024 rota
637 1977 766 2033 quotannis

134 2058 162 2096 80
172 2048 293 2104 agrioolae
303 2047 408 2103 iacient3
423 2047 548 2093 damnabis
557 2048 587 2093 tu
596 2060 688 2102 quoque
698 2045 768 2092 votis.

201 2117 256 2164 Mo.
272 2116 339 2173 Quae
355 2115 409 2172 tibi,
424 2129 484 2170 quae
500 2114 547 2160 tali
562 2113 662 2161 reddam
681 2128 726 2169 pro
738 2112 844 2160 carmine

229 2185 308 2232 dona?

172 2255 238 2301 Nam
248 2268 324 2308 neque
333 2268 372 2299 me
381 2254 478 2298 tantum
488 2251 606 2298 venientis
616 2249 699 2297 sibilus
709 2246 795 2295 Austri

172 2337 217 2369 nee
227 2336 341 2377 pereussa
349 2320 435 2367 iuvant
445 2319 521 2367 fluctu
530 2321 582 2366 tam
592 2319 673 2374 litora,
684 2332 728 2364 neo
738 2331 799 2372 queo

173 2405 271 2437 saxosas
281 2389 345 2435 inter
355 2388 488 2435 decurrunt
497 2387 598 2433 flumine
607 2384 691 2432 valles.

199 2458 254 2504 Mn.
283 2457 338 2504 Hac
348 2458 373 2504 te
382 2470 426 2502 nos
436 2455 519 2512 fragili
528 2453 670 2502 donabimus
681 2456 738 2501 ante
748 2452 835 2502 cicuta.

221 2525 230 2570 (
239 2524 280 2571 η)
