1972 3164
448 169 471 209 P.
484 168 604 209 VERGILI
617 168 746 208 MARONIs

259 263 369 323 Femina,
380 280 441 322 ques
451 265 540 313 nostris
551 281 635 313 errans
645 266 671 312 in
682 265 770 313 finibus
780 265 867 315 urbem

259 335 371 391 exiguom
381 336 458 391 pretio
468 335 556 392 posuit,
567 336 607 383 cui
616 335 674 381 litus
689 336 811 382 erundum

260 403 344 458 cuique
353 403 400 450 loci
408 403 472 459 leges
482 403 599 460 dedimus,
611 403 713 451 conubia
723 406 810 451 nostru

259 472 366 528 reppulit
376 487 405 519 cc
414 472 536 518 dominum
547 473 646 519 Aenean
656 472 682 518 in
692 487 769 528 regne
778 473 879 529 recepit.

261 541 295 587 Et
304 556 369 587 nunc
378 540 418 587 ille
426 541 496 587 Paris
506 556 561 587 cum
572 541 684 588 semiviro
693 541 821 598 comitutu,

260 609 377 657 Maeonio
385 611 495 657 mentum
504 610 578 657 mitro
587 610 724 666 crinemque
735 611 874 658 medentem
906 618 928 643 ²⁵⁴

261 677 386 735 subnixus,
397 680 469 733 rupto
477 678 587 734 potitur:
601 683 646 726 nos
655 694 758 726 munere
766 679 865 736 templis

260 746 348 802 quippe
357 746 407 793 tuis
421 746 521 793 ferimus
531 746 668 803 famemque
677 747 787 794 fovemus
796 747 913 796 inanem!

290 814 389 861 Talibus
398 817 509 863 orontem
519 816 590 863 dictis
599 831 702 872 crusque
710 817 837 864 tenentem

213 901 251 928 πο
261 883 338 929 audiit
349 882 517 941 Omnipotens,
526 882 653 940 oculosque
661 889 692 933 ed
701 884 796 931 moenie.
805 884 879 932 torsit

260 951 329 1009 regin
338 953 363 999 et
373 952 460 999 oblitos
469 953 550 1001 fumes
559 953 665 1001 melioris
673 955 793 1001 umentes.

261 1021 326 1067 Tum
336 1020 370 1068 sic
379 1021 531 1069 Mercurium
540 1021 672 1078 alloquitur
680 1038 710 1070 cc
718 1021 780 1069 telin
792 1022 897 1070 mundet
906 1043 913 1070 ε

263 1087 346 1136 ‘Vnde
356 1105 409 1147 age,
418 1091 485 1147 nete,
495 1104 555 1138 roca
565 1091 686 1147 Zephyros
695 1093 720 1138 et
730 1091 811 1138 labere
821 1091 918 1148 pennis,

262 1156 460 1214 Dardaniumque
469 1159 563 1217 ducem,
575 1159 651 1216 Tyris
660 1159 808 1216 Carthagine
818 1159 861 1215 qui
875 1173 943 1207 nunc

262 1228 386 1282 exspectet
395 1227 500 1283 fatisque
509 1228 579 1274 dotas
589 1243 638 1275 non
647 1227 745 1282 respicit
754 1227 837 1284 nrbes,

263 1295 382 1351 alloquere
392 1297 417 1343 et
427 1295 516 1343 celeres
525 1295 594 1343 defer
602 1310 656 1342 mee
665 1295 731 1342 dictu
740 1310 784 1351 per
791 1309 874 1343 curas.

263 1364 320 1411 Non
329 1363 398 1411 illum
409 1364 519 1422 genetrix
529 1363 596 1410 nobis
606 1362 769 1418 pulcherrime
777 1363 854 1410 telem

264 1432 375 1488 promisit
385 1433 532 1487 Graiumque
541 1431 594 1478 ideo
602 1431 639 1477 bis
649 1431 756 1478 vindicet
766 1432 857 1487 ermis;

264 1501 307 1549 sed
315 1501 367 1548 fore
376 1501 418 1557 qni
426 1501 552 1558 gravidum
561 1498 667 1554 imperiis
676 1498 785 1555 belloque
795 1499 942 1548 frementem

216 1591 254 1626 230
264 1569 363 1617 Italiam
372 1571 477 1628 regeret,
489 1584 565 1627 genus
575 1567 626 1614 olto
635 1583 650 1614 a
659 1567 777 1624 sunguine
787 1568 876 1616 Teucri

264 1638 384 1694 proderet,
395 1653 424 1684 cc
433 1639 513 1684 totum
523 1636 567 1683 sub
576 1636 641 1694 leges
650 1636 760 1683 mitteret
769 1635 861 1685 orbem.

264 1705 291 1752 Si
299 1705 367 1751 nulla
376 1705 485 1752 accendit
495 1705 622 1751 tenturum
629 1703 707 1761 glorie
715 1719 805 1762 rernm,

263 1787 307 1820 nec
318 1786 390 1827 super
399 1772 450 1826 ipse
460 1787 505 1818 sue
514 1772 614 1819 molitur
623 1772 694 1819 lende
703 1771 819 1829 laborem,

264 1839 398 1888 Ascanione
408 1842 479 1894 peter
488 1840 611 1886 Romanus
621 1840 714 1886 invidet
723 1842 807 1887 eroes?

264 1908 321 1965 qnid
331 1908 420 1955 struit?
433 1908 477 1955 aut
487 1922 535 1962 que
545 1923 587 1963 spe
597 1909 694 1956 inimica
703 1908 729 1954 in
738 1910 811 1965 gente
820 1912 941 1968 moretur,

264 1993 309 2025 nec
318 1977 409 2033 prolem
419 1977 552 2023 Ausoniam
562 1979 587 2024 et
600 1977 702 2024 Lavinia
711 1976 809 2033 respicit
819 1980 895 2025 erre?

265 2046 363 2103 naviget
373 2066 378 2092 :
393 2046 453 2092 haec
462 2060 558 2092 summe
567 2046 613 2102 est,
623 2045 663 2092 hic
672 2045 751 2092 nostri
759 2045 860 2093 nuntius
870 2047 940 2094 esto!

295 2115 405 2163 Dixerat.
435 2114 480 2162 Ille
490 2114 573 2161 Putris
582 2114 665 2170 magni
674 2129 759 2170 perere
768 2115 873 2170 perabat

267 2185 380 2242 imperio:
394 2185 419 2231 et
429 2183 534 2239 primum
544 2182 645 2238 pedibus
654 2183 744 2230 tamma
752 2183 830 2230 nectit

218 2280 256 2315 240
268 2270 350 2310 auree,
361 2268 421 2309 quoe
430 2252 556 2299 sublimem
566 2251 611 2298 ulis
622 2251 671 2299 sive
680 2267 785 2307 aequore
794 2266 869 2307 supra

268 2339 310 2370 seu
319 2325 410 2369 terrem
420 2320 504 2376 rapido
512 2319 604 2376 pariter
614 2335 669 2366 cum
678 2319 775 2366 flumine
784 2320 893 2377 portent.

267 2391 331 2439 Tum
340 2391 434 2447 virgam
444 2387 509 2444 capit
521 2408 526 2436 ε
540 2387 586 2436 hnc
595 2387 688 2435 enimus
698 2387 738 2435 ille
747 2389 832 2437 evocet
842 2387 905 2436 Orco

315 2521 324 2570 (
376 2521 385 2570 )
462 2470 499 2506 ur.
520 2467 638 2505 ‘subnexus'
645 2467 739 2504 Ribbeck.

334 2535 368 2570 194
