1972 3164
373 331 397 372 P.
409 331 530 371 venem
542 331 672 373 maome

182 429 266 484 largus
275 441 348 484 opum
358 428 384 475 et
393 427 478 486 lingna
486 429 578 487 melior,
590 430 632 477 sed
641 428 734 486 frigida
743 429 809 478 bello

183 494 293 554 dextera,
304 495 409 544 consiliis
418 496 516 544 habitus
525 512 576 544 11011
585 497 677 544 futtilis
686 499 783 556 auctor,

135 584 171 621 340
183 564 300 612 seditione
309 567 409 621 potens:
423 579 499 622 genus
509 565 566 612 huic
576 567 688 612 materna
697 567 831 622 superbum

183 632 297 680 nobilitas
307 632 389 691 dabat,
399 633 520 680 incertum
530 633 560 680 de
569 635 640 689 patre
649 633 761 692 ferebat;

184 702 264 759 amarit
270 703 297 749 ct
305 701 343 748 his
353 703 439 749 onerat
449 701 519 749 dietis
530 703 602 758 atque
612 704 717 759 aggerat
726 702 776 749 iras
786 723 793 749 z

185 770 191 793 ‘
201 771 263 818 Rem
272 769 335 817 nulli
344 769 471 817 obscuram
480 771 579 818 nostrae
588 785 634 818 nec
643 770 709 818 vocis
719 772 832 828 egentem

183 837 296 894 consulis,
306 851 321 884 0
330 838 391 885 bone
399 853 458 885 rex:
471 838 554 885 cuncti
564 853 590 885 se
599 839 661 886 scire
670 839 794 896 fatentur,

183 906 241 962 quid
249 905 350 952 fortuna
358 905 424 953 ferat
433 906 524 963 populi,
535 907 577 953 sed
587 906 665 953 dicere
675 908 797 955 mussant.

184 973 234 1020 Det
243 973 382 1020 libertatem
391 973 460 1020 fandi
469 973 589 1029 flatusque
598 974 721 1031 remittat,

184 1042 252 1091 cuius
261 1042 292 1089 ob
302 1042 436 1098 auspicium
445 1042 582 1089 infaustum
592 1057 719 1098 moresque
729 1042 840 1090 sinistros

184 1110 271 1167 (dicam
297 1110 415 1167 equidem,
441 1110 498 1158 licet
526 1126 596 1158 arma
623 1110 684 1158 mihi
712 1112 861 1168 mortemque

239 1177 354 1233 minetur)

183 1245 277 1292 lumine
285 1247 323 1292 tet
333 1245 445 1293 cecidisse
455 1245 544 1292 ducum
554 1246 679 1300 totamque
688 1245 801 1293 videmus

134 1327 172 1366 ³⁵0
184 1314 318 1362 consedisse
328 1313 413 1360 urbem
423 1313 500 1370 luctu,
511 1314 570 1360 dum
579 1313 653 1360 'lucia
661 1314 772 1369 temptat

184 1383 266 1429 eastra
274 1381 348 1438 fugae
357 1381 433 1429 fidens
443 1382 469 1428 et
478 1381 572 1428 caelum
581 1379 682 1427 territat
692 1381 777 1428 armis.

184 1450 268 1497 Unum
277 1449 351 1496 etiam
361 1449 430 1497 donis
439 1449 501 1506 istis,
513 1464 573 1504 quae
583 1448 691 1504 plurima
701 1448 769 1495 mitti

184 1516 331 1564 Dardanidis
341 1517 434 1573 dicique
443 1516 520 1574 iubes,
531 1533 615 1574 unum,
626 1516 717 1572 optime
726 1531 823 1574 regum,

183 1585 290 1642 adiicias,
300 1602 345 1633 nec
354 1587 380 1633 te
392 1586 466 1633 ullius
475 1585 590 1632 violentia
599 1586 690 1642 vincet,

183 1654 242 1708 quin
251 1655 336 1700 natam
346 1654 442 1710 egregio
453 1668 542 1712 genero
551 1653 676 1711 dignisque
686 1651 827 1708 hymenaeis

184 1721 234 1778 des,
245 1724 323 1778 pater,
334 1724 359 1769 et
370 1737 454 1777 pacem
463 1722 527 1768 hanc
537 1723 635 1768 aeterno
644 1721 742 1768 foedere
752 1721 848 1777 iungas.

184 1790 254 1846 Quod
264 1790 284 1836 si
293 1792 378 1837 tantus
388 1791 462 1837 habet
471 1791 565 1837 mentes
573 1791 599 1836 et
612 1790 711 1845 pectora
720 1790 810 1845 terror,

182 1858 262 1913 ipsum
272 1857 422 1904 obtestemur
430 1858 573 1914 veniamque
582 1871 677 1904 oremus
688 1856 791 1913 abipso,

183 1926 262 1982 cedat,
272 1926 309 1971 ius
319 1926 444 1981 proprium
454 1926 507 1983 regi
516 1926 655 1983 patriaeque
665 1925 787 1972 remittat.

134 1996 172 2046 360
184 1994 247 2050 Quid
256 1994 355 2040 miseros
364 1995 454 2041 totiens
464 1996 490 2042 in
500 1997 586 2051 aperta
595 1993 703 2050 pericula
712 1992 776 2041 cives

183 2061 288 2119 proficis,
299 2076 313 2108 0
323 2061 394 2108 Latio
404 2065 478 2117 caput
488 2063 574 2110 horum
584 2064 609 2109 et
620 2077 693 2109 causa
702 2060 843 2108 malorum?

183 2130 260 2179 Nulla
269 2129 334 2176 salus
343 2129 406 2177 bello
416 2151 422 2177 ε
438 2147 522 2186 pacem
532 2134 557 2179 te
567 2130 687 2187 poscimus
696 2144 789 2186 omnes,

184 2200 274 2256 Tmne‚
286 2198 356 2246 simul
367 2199 432 2254 pacis
443 2199 520 2246 solum
529 2198 667 2246 inviolabile
676 2197 774 2253 pignus.

185 2268 280 2314 Primus
290 2283 343 2324 ego,
353 2267 458 2314 invisum
468 2283 539 2323 quem
548 2270 578 2314 tu
588 2266 635 2314 tibi
644 2265 715 2322 fingis
726 2267 761 2322 (et
772 2280 826 2312 esse

183 2336 219 2382 nil
228 2335 325 2392 moror),
336 2350 367 2382 en
377 2334 478 2390 supplex
487 2335 564 2381 venio.
595 2334 711 2381 Miserere
721 2335 833 2380 tuorum.

184 2403 250 2449 Pone
261 2402 352 2448 animos
362 2403 387 2448 et
396 2401 480 2457 pulsus
490 2401 537 2448 abi.
569 2401 613 2448 Sat
623 2401 711 2447 funera
721 2400 771 2446 fusi

183 2470 296 2527 vidimus,
306 2469 416 2525 ingentes
427 2470 452 2516 et
462 2468 622 2516 desolavimus
633 2484 713 2525 agros.

183 2538 235 2584 Aut
246 2538 267 2585 si
276 2539 343 2585 fama
352 2539 442 2593 movet,
453 2537 473 2584 si
482 2538 581 2583 tantum
591 2539 689 2592 pectore
698 2537 774 2584 robur

183 2605 323 2722 conegpgigsft
333 2604 354 2651 si
363 2604 424 2652 adeo
433 2603 521 2651 dotalis
531 2603 599 2660 regia
608 2604 674 2651 cordi
683 2606 729 2660 est,
