1972 3164
366 166 387 204 P.
401 165 521 204 VERGILI
534 165 663 206 MARONIS

174 264 242 311 fama
250 263 310 319 loco,
320 278 369 310 neu
379 263 486 310 conubiis
495 263 587 310 ambire
596 263 714 310 Latinum

174 331 303 378 Aeneadae
313 330 407 386 possint
417 330 523 378 Italosve
532 330 643 379 obsidere
652 331 721 379 fines.

175 400 215 447 Tu
224 401 294 455 potes
304 399 432 446 unanimos
443 413 539 446 armare
549 399 575 446 in
585 399 676 455 proelia
686 399 787 458 iratres,

176 469 249 523 atque
259 467 318 515 odiis
328 482 424 515 versare
434 467 524 524 domos,
533 469 563 514 tn
572 467 675 516 verbera
683 469 756 517 tectis

177 537 335 591 funereasque
344 535 435 583 inferre
444 535 518 593 iaces,
527 535 574 584 tibi
582 537 681 584 nomina
690 537 764 595 mille,

177 605 243 652 mille
252 604 353 651 nocendi
362 606 434 652 artes.
464 604 606 652 Fecundum
616 607 720 652 concute
728 607 824 662 peetus,

179 672 260 720 disiice
270 673 425 728 compositam
435 688 527 730 pacem,
537 688 589 720 sere
599 672 703 721 crimina
711 673 769 721 belli
779 693 785 722 ι

132 760 169 798 340
180 757 248 789 arma
257 741 315 788 velit
325 743 454 797 poscatque
464 740 535 789 simul
544 741 673 798 rapiatque
681 742 812 790 iuventus)

208 810 272 857 Exin
283 810 415 866 aemonae
424 810 520 858 Allecto
529 809 621 858 iniecta
630 810 731 858 venenis

180 877 296 935 principio
306 878 404 925 latium
413 880 439 926 et
448 879 579 926 Laurentis
588 879 656 926 tecta
664 878 768 935 tyranni
844 881 847 911 ῑ

180 947 244 995 celsa
253 946 323 1004 petit,
335 947 484 1003 tacitumque
493 947 585 994 obsedit
595 946 669 993 limen
678 945 794 1003 Amatae,

180 1031 252 1072 quam
263 1030 335 1070 super
341 1015 449 1063 adventu
455 1016 578 1063 Teucrum
584 1015 710 1071 Turnique
718 1012 853 1071 hymenaeis

180 1082 298 1131 femineae
308 1084 433 1130 ardentem
443 1099 562 1139 curaeque
571 1083 668 1138 iraeque
677 1083 822 1140 coquebant.

181 1151 247 1199 Huic
256 1152 302 1198 dea
312 1150 427 1199 caeruleis
437 1167 514 1198 unum
524 1151 553 1198 da
563 1151 669 1198 crinibus
679 1166 786 1208 anguem

181 1219 285 1275 coniicit,
296 1219 367 1275 inque
376 1219 456 1266 sinum
465 1219 607 1276 praecordia
616 1219 647 1266 sd
656 1219 746 1266 intima
754 1218 853 1275 subdit:

182 1304 228 1344 quo
235 1286 367 1335 furibunda
377 1288 474 1334 domum
484 1289 591 1334 monstro
601 1287 746 1343 permisceat
752 1301 855 1335 omnem.

55 1392 59 1400 .
182 1357 227 1404 Ille
235 1356 300 1402 inter
309 1358 388 1403 vestes
397 1357 423 1403 et
432 1355 495 1403 levia
504 1357 603 1412 pectora
611 1355 694 1411 lapsus

135 1449 172 1487 350
182 1424 289 1472 volvitur
297 1426 394 1472 attactu
403 1424 478 1481 nullo,
488 1423 599 1480 fallitque
609 1424 741 1481 furentem,

183 1494 304 1549 vipeream
313 1492 434 1548 inspirans
443 1493 562 1549 animam;
576 1492 605 1539 fit
614 1491 697 1539 tortile
707 1492 770 1540 collo

183 1577 270 1609 aurum
280 1561 364 1618 ingens
375 1561 480 1617 coluber,
491 1561 520 1608 fit
529 1561 615 1617 longae
623 1559 706 1607 taenia
715 1559 804 1616 vittae,

182 1629 329 1684 innectitque
340 1645 427 1687 comas,
438 1631 464 1677 et
473 1628 586 1677 membris
595 1627 703 1675 lubricus
714 1629 790 1675 errat.

183 1698 220 1745 Ac
230 1698 287 1744 dum
297 1697 377 1752 prima
386 1697 438 1745 lues
448 1698 496 1744 udo
507 1697 620 1752 sublapsa
628 1711 722 1743 veneno

183 1767 331 1822 pertemptat
341 1781 424 1813 sensus
432 1767 505 1821 atque
514 1765 606 1812 ossibus
615 1764 724 1820 implicat
733 1764 826 1822 ignem,

183 1834 285 1881 necdum
295 1833 389 1881 animus
399 1835 451 1881 toto
461 1833 567 1888 percepit
577 1834 673 1888 pectora
683 1831 818 1888 flammam,

183 1902 278 1948 mollius
286 1903 311 1948 et
321 1901 390 1948 solito
400 1903 507 1948 matrum
517 1902 546 1948 de
556 1915 622 1947 more
631 1900 714 1946 locuta
723 1901 770 1956 est,

184 1969 338 2026 multasuper
343 1973 404 2017 nata
409 1970 537 2017 lacrimans
543 1969 702 2025 Phrygiisque
707 1967 860 2024 hymenaeis:

185 2038 360 2085 ‘Exsulibusne
370 2039 443 2085 datur
452 2038 561 2085 ducenda
570 2037 672 2084 Lavinia
682 2036 794 2093 Teucris,

138 2121 174 2169 360
185 2123 199 2154 ο
208 2107 311 2164 genitor,
322 2122 366 2154 nec
375 2107 400 2154 te
408 2107 506 2153 miseret
515 2108 634 2161 nataeque
644 2104 745 2160 tuique?

184 2190 229 2222 nec
244 2175 329 2221 matris
345 2175 451 2231 miseret,
466 2190 538 2229 quam
556 2174 633 2229 primo
648 2172 768 2228 Aquilone
789 2173 862 2220 relin-

244 2245 301 2300 quet

185 2314 289 2370 perfidus
299 2313 351 2358 alta
360 2314 445 2367 petens
454 2311 559 2357 abducta
568 2310 661 2366 virgine
671 2309 776 2365 praedo?

185 2382 220 2428 At
229 2397 277 2429 non
284 2381 318 2427 sic
325 2379 446 2438 Phrygius
456 2381 568 2435 penetrat
579 2379 760 2425 Lacedaemona
766 2379 862 2434 pastor,

186 2449 351 2503 Ledaeamque
361 2446 479 2493 Helenam
490 2446 607 2492 Troianas
618 2445 683 2492 vexit
692 2445 725 2492 ad
734 2444 823 2491 urbes?

232 2515 302 2564 (²78)
