1972 3164
431 111 541 152 AENEIS.
566 113 586 152 X

128 211 166 260 870
176 205 215 253 Sic
221 221 319 253 cursum
324 207 350 252 in
358 206 448 254 medios
454 209 553 263 rapidus
563 208 629 255 dedit
639 228 644 256 :
659 210 755 257 aestuat
760 210 845 266 ingens

174 290 223 321 uno
233 274 259 320 in
268 275 338 322 corde
348 275 427 330 pudor
435 276 558 331 mixtoque
566 277 662 323 insania
670 276 748 334 luctu,

177 341 214 402 [et
224 343 294 389 furiis
304 343 411 400 agitatus
421 358 488 390 amor
497 346 523 390 et
533 345 627 392 conscia
636 344 736 405 virtus]

175 411 255 467 Atque
264 412 304 459 hio
313 413 413 458 Aenean
422 427 512 470 magna
521 414 559 459 ter
568 429 626 461 voce
635 414 739 461 vocavit.

174 480 269 527 Aeneas
279 481 378 537 agnovit
388 481 451 528 enim
461 481 586 538 laetusque
595 484 724 539 precatur:

176 549 231 596 ‘Sic
241 550 316 596 Pater
324 549 365 596 ille
375 550 447 596 deum
457 549 541 608 faciat,
553 551 587 598 sic
597 551 662 599 altus
672 552 759 606 Apollo
769 554 775 599 l

175 618 281 673 Incipias
291 618 399 665 conferre
409 619 525 666 manum!

175 688 283 733 Tantum
293 689 382 734 effatus
392 690 417 734 et
426 687 516 735 infesta
526 689 590 735 subit
601 689 684 736 obrius
694 689 773 737 hasta.

175 755 220 802 Ille
230 757 312 802 autem
323 756 400 812 ‘Quid
408 772 446 804 me
456 759 547 814 erepto,
559 757 702 816 saevissime,
713 761 772 806 nato

175 824 268 871 terres?
297 825 365 871 Haec
374 824 414 871 ria
424 825 475 872 sola
484 826 540 883 fuit,
551 841 599 882 qua
608 827 708 882 perdere
718 843 808 883 posses.

126 895 164 936 880
175 891 228 939 Nec
237 899 340 940 mortem
350 892 476 941 horremus
485 910 529 942 nec
539 895 621 942 divum
631 896 754 951 parcimus
764 895 817 942 ulli.

176 960 280 1009 Desine:
294 977 351 1008 nam
361 963 431 1009 venio
440 963 572 1009 moriturus
583 965 608 1010 et
618 963 677 1011 haec
686 963 732 1010 tibi
741 965 812 1018 porto

175 1029 239 1076 dona
247 1030 330 1086 prius!
361 1030 431 1077 Dixit
440 1030 564 1087 telumque
573 1032 672 1078 intorsit
683 1031 709 1078 in
719 1031 827 1084 hostem:

174 1098 230 1145 inde
240 1098 305 1145 aliud
315 1113 386 1154 super
396 1101 468 1154 atque
478 1099 545 1146 aliud
554 1100 654 1155 figitque
665 1099 778 1155 volatque

174 1166 269 1224 ingenti
278 1182 346 1223 gyro,
357 1167 398 1213 sed
408 1167 512 1213 sustinet
522 1181 610 1213 aureus
619 1167 700 1214 umbo.

175 1234 225 1281 Ter
234 1234 324 1281 circum
334 1236 455 1281 astantem
465 1234 545 1280 laevos
555 1234 672 1290 equitavit
681 1235 707 1281 in
717 1235 786 1282 orbes

174 1303 225 1349 tela
235 1317 310 1349 manu
319 1303 418 1359 iaciens,
428 1304 467 1349 ter
477 1318 557 1350 secum
569 1303 657 1350 Troius
666 1303 736 1351 heros

175 1371 305 1418 immanem
316 1373 399 1418 aerato
409 1371 549 1419 circumfert
558 1371 664 1427 tegmine
674 1372 768 1419 silvam.

175 1440 235 1487 Inde
245 1439 287 1487 ubi
296 1441 334 1488 tot
344 1440 446 1487 traxisse
456 1455 543 1497 moras,
554 1440 592 1485 tot
602 1439 693 1495 spicula
703 1441 786 1487 taedet

174 1509 264 1557 vellere
274 1510 299 1557 et
309 1510 412 1567 urgetur
421 1524 503 1565 pugna
513 1523 653 1564 congressus
661 1507 751 1566 iniqua,

126 1591 165 1638 890
176 1579 255 1625 multa
264 1593 363 1625 movens
373 1576 453 1624 animo
462 1576 510 1624 iam
520 1577 619 1623 tandem
629 1576 743 1634 erumpit,
750 1578 776 1625 ct
785 1577 850 1624 inter

175 1646 299 1693 bellatoris
309 1645 364 1701 equi
374 1660 434 1692 cava
442 1646 553 1700 tempora
563 1645 660 1692 coniicit
669 1645 775 1693 hastam.

176 1714 250 1761 Tollit
261 1729 285 1760 sa
296 1716 418 1760 arrectum
428 1713 564 1769 quadrupes
573 1715 598 1759 et
609 1713 713 1760 calcibus
723 1729 795 1760 auras

174 1783 296 1839 verberat,
307 1783 456 1838 effusumque
466 1782 570 1837 equitem
581 1797 654 1838 super
662 1781 714 1838 ipse
724 1782 821 1829 secutus

174 1851 292 1908 implicat,
303 1851 423 1906 eiectoque
432 1850 550 1898 incumbit
560 1866 663 1898 cernuus
673 1865 749 1897 armo.

176 1920 286 1967 Clamore
295 1919 428 1966 incendunt
438 1919 531 1966 caelum
541 1919 663 1975 Troesque
673 1919 809 1974 Latinique.

175 1986 283 2034 Advolat
292 1987 387 2033 Aeneas
397 1987 531 2042 vaginaque
541 1987 614 2041 eripit
624 2001 715 2042 ensem,

175 2058 201 2102 et
211 2070 284 2110 super
293 2054 353 2101 haec
366 2073 371 2100 :
391 2054 396 2075 ‘
405 2054 454 2100 Ubi
463 2070 529 2101 nunc
538 2055 675 2101 Mezentius
685 2069 741 2100 acer
750 2054 775 2099 et
784 2052 827 2098 illa

175 2125 251 2171 effera
260 2123 296 2169 ris
306 2121 395 2169 animi?
404 2121 410 2141 '
442 2121 535 2168 Contra
545 2122 694 2177 Tyrrhenus,
705 2128 733 2166 ut
743 2135 815 2167 auras

176 2192 308 2248 suspiciens
318 2190 400 2237 hausit
410 2188 503 2236 caelum
513 2191 664 2244 mentemque
673 2189 764 2243 recepit
774 2208 780 2235 e

128 2283 166 2320 900
178 2261 278 2307 ‘Hostis
286 2274 376 2315 amare,
384 2257 576 2314 quidincrepitas
582 2257 730 2311 mortemque
736 2255 851 2303 minaris?

177 2329 271 2376 nullum
281 2329 307 2375 in
318 2328 389 2375 caede
399 2326 478 2382 nefas,
488 2341 533 2372 nec
542 2325 576 2372 sic
586 2325 617 2371 ad
626 2324 717 2380 proelia
726 2324 788 2381 veni,

177 2414 221 2446 nec
231 2400 312 2444 tcoum
323 2412 391 2443 mous
401 2395 461 2442 haec
471 2393 563 2450 pepigit
573 2393 632 2440 mihi
641 2393 738 2440 foedera
746 2394 848 2440 Lausus.

225 2465 294 2516 (373)
