1972 3164
366 153 388 190 P.
401 152 519 192 VERGILI
532 151 660 194 MARONIS

175 249 214 296 hie
222 247 312 296 haedos
322 247 421 308 depone,
432 251 514 298 tamen
523 249 646 298 veniemus
655 249 681 297 in
690 248 782 298 urbem.

176 319 228 365 Aue
237 318 265 375 si,
276 334 324 365 nox
334 318 441 374 pluviam
451 335 480 366 ne
491 319 589 377 colligat
599 321 664 376 anie,
674 323 804 377 veremur‚'

176 388 304 434 cantantes
313 386 370 435 licet
380 403 454 444 usque
465 388 554 444 (minus
563 387 603 434 via
612 387 696 443 laedit)
703 403 801 444 eamns3

176 456 304 501 cantantes
313 457 342 501 ui
352 471 443 512 eamus,
454 471 499 513 ego
507 456 553 502 hoe
562 457 587 502 be
596 455 662 503 fasee
671 456 764 504 levabo.

202 523 238 571 M.
267 523 356 571 Desine
363 523 442 581 plura,
450 539 518 581 puer,
526 525 551 570 ei
561 524 624 579 quod
632 539 698 572 nune
707 524 784 571 insiai
793 541 850 582 aga-

176 607 285 711 wmffi
292 629 346 706 ium
356 661 450 717 melius,
461 676 516 708 enm
526 661 620 709 venerii
629 660 690 718 ipse,
700 676 822 709 canemus.

406 925 558 980 ECLOGA
582 926 617 978 X.

449 1045 571 1093 Gnunus.

175 1151 398 1244 EXTREMUM
421 1150 646 1210 hunc,A1eihusa,
666 1153 725 1199 mihi
747 1153 847 1200 consede

277 1219 397 1267 laborum.

175 1289 257 1337 Panna
266 1304 319 1336 meo
330 1288 408 1346 Gallo,
419 1289 461 1336 sed
470 1303 531 1343 quae
540 1288 606 1345 legat
616 1288 669 1344 ipsa
679 1289 785 1346 Lycoris,

175 1358 283 1404 carmina
293 1359 350 1404 suni
360 1356 474 1404 dicenda:
489 1358 562 1413 neget
572 1356 624 1412 quis
635 1357 743 1404 carmina
752 1357 838 1405 Gallo?

176 1427 215 1473 Sic
225 1426 278 1483 tibi,
290 1442 344 1473 cum
354 1426 442 1473 flucbus
453 1424 618 1473 subterlabere
629 1425 735 1482 Sicanos,

176 1493 248 1540 Doris
254 1509 339 1540 amara
348 1508 417 1540 snam
426 1508 474 1539 non
484 1493 648 1540 iniemiseeai
658 1493 763 1541 undam:
792 1487 794 1493 ’

174 1561 267 1618 ineipe3
281 1558 396 1608 solliciios
407 1561 472 1608 Galli
481 1561 588 1608 dieamus
599 1576 700 1618 amores,

175 1628 232 1675 dnm
242 1629 327 1675 tenera
337 1629 465 1675 attondent
476 1629 549 1676 simae
559 1628 667 1685 virgulta
677 1627 789 1683 capellae.

175 1698 232 1744 Non
242 1698 350 1744 canimus
361 1697 440 1744 surdis
449 1717 455 1755 ;
471 1697 618 1753 respondens
627 1696 707 1744 omnia
716 1696 797 1744 silvae.

203 1766 269 1823 Quae
279 1781 379 1813 nemora
388 1766 432 1812 aui
441 1767 483 1822 qui
492 1781 534 1813 vos
545 1765 621 1812 salins
631 1765 743 1822 habuere,
754 1765 847 1820 puellae

139 1847 163 1874 ¹0
175 1835 274 1891 Naides,
284 1834 384 1891 indigno
394 1850 450 1887 cuin
460 1834 544 1882 Gallus
555 1849 637 1881 amore
646 1834 758 1890 peribat?

175 1903 240 1950 Nam
250 1918 326 1958 neque
336 1903 439 1949 Parnasi
448 1903 515 1950 vobis
525 1903 590 1960 iuga,
601 1919 659 1949 nam
669 1918 745 1959 neque
755 1902 827 1949 Pindi

175 1972 226 2018 ulla
234 1987 327 2018 moram
337 1971 424 2028 fecere,
435 1986 512 2026 neque
522 1971 599 2018 Aonie
609 1971 745 2028 Aganippe.

175 2039 248 2086 Illum
258 2040 331 2086 eiiam
338 2038 410 2096 lauri,
421 2039 495 2086 eiiam
505 2039 592 2086 flevere
602 2038 715 2096 myrinae,

175 2106 264 2162 pinifer
272 2106 342 2152 illum
353 2107 426 2153 eiiam
444 2107 495 2153 sola
503 2106 548 2153 sub
557 2121 618 2161 rupe
627 2106 747 2153 iacentem

175 2173 302 2232 Maenalus
312 2175 337 2220 ei
346 2173 420 2230 gelidi
430 2174 548 2220 fleverunt
559 2189 618 2220 saxa
627 2173 723 2229 Lycaei.

175 2242 248 2288 Stant
258 2243 283 2289 ei
293 2257 348 2288 oves
358 2243 456 2300 cineum,
467 2243 545 2289 nostri
554 2257 598 2289 nee
608 2242 716 2297 paenitet
725 2241 779 2288 illas
790 2262 795 2287 :

173 2325 218 2358 nec
227 2313 253 2358 ie
263 2312 385 2367 paeniteat
395 2312 495 2368 pecoris,
506 2311 586 2358 divine
596 2312 683 2367 poeia3

175 2380 200 2425 ei
209 2378 327 2426 formosus
338 2395 393 2427 oves
404 2380 435 2426 ad
444 2379 544 2426 flumina
553 2379 621 2434 pavit
631 2379 730 2425 Adonis.

175 2446 249 2494 Venit
259 2448 284 2493 ei
294 2448 375 2504 upilio,
386 2448 451 2494 tardi
462 2462 548 2494 venere
558 2445 659 2503 subulci,

223 2513 232 2562 (
241 2517 264 2562 36
272 2514 280 2562 )
