1972 3164
411 185 561 228 GEORGIOA.
586 188 598 227 1

166 281 249 331 adriae
258 279 344 339 fugere
353 297 434 341 grues,
445 287 489 331 aut
498 283 588 332 bucula
597 284 689 332 caelum

167 351 301 408 suspiciens
311 351 401 407 patulis
411 353 521 408 captavit
530 353 629 401 naribus
640 370 721 411 auras,

168 421 213 468 aut
223 421 313 476 arguta
322 419 388 468 lacus
400 421 603 469 circumvolitavit
613 423 724 480 hirundo,

168 491 194 538 ct
204 491 311 536 veterem
321 489 346 535 in
356 489 413 537 limo
423 506 497 537 ranae
507 491 613 539 cecinere
624 491 765 547 querellam.

169 557 272 614 Saepius
281 560 306 605 et
316 558 387 605 tectis
397 560 560 615 penetralibus
570 559 659 607 extulit
669 575 714 607 ova

122 631 159 683 βο
169 628 302 683 angustum
311 626 414 674 formica
423 629 503 674 terens
513 629 567 686 iter,
579 631 603 676 et
613 629 674 676 bibit
684 629 769 686 ingens

169 709 250 751 orcus,
260 696 286 742 ct
295 709 308 741 e
318 697 391 751 pastu
400 696 514 743 decedens
524 697 619 753 agmine
629 713 718 754 magno

168 778 296 811 corvorum
306 763 427 819 increpuit
437 765 516 812 densis
526 767 645 814 exercitus
655 767 707 814 alis.

168 832 223 879 Inm
233 833 315 879 variae
325 832 405 891 pelagi
414 833 523 881 volucres
533 837 558 882 et
568 851 628 891 quae
638 835 698 882 Asia
707 835 798 882 circum

132 917 136 924 ·
168 900 279 948 dulcibus
289 901 315 947 in
325 901 417 958 stagnis
427 902 549 950 rimantur
559 905 631 959 prata
646 903 749 961 Caystri,

169 969 373 1026 oemffimlargos
387 970 477 1017 umeris
488 971 615 1019 infundere
625 987 691 1019 rores
702 993 708 1019 z

168 1052 235 1084 nunc
245 1039 319 1093 capnt
329 1038 449 1086 obiectare
459 1039 537 1097 iretis,
548 1056 613 1088 nunc
624 1056 721 1088 currere
731 1040 756 1086 in
766 1040 844 1087 undas

168 1107 195 1153 et
204 1106 284 1153 studio
293 1106 413 1153 incassum
423 1107 504 1154 videas
514 1109 602 1165 gestire
612 1108 718 1156 lavandi.

170 1175 234 1222 'l'um
244 1174 328 1222 cornix
336 1175 409 1230 plena
418 1176 524 1231 pluviam
534 1180 604 1224 vocat
613 1178 724 1233 improba
733 1193 791 1225 voce

169 1244 196 1290 et
205 1242 257 1290 sols
265 1242 291 1288 iu
301 1243 364 1290 sicca
373 1259 454 1291 secum
464 1246 586 1301 spatiatur
593 1246 692 1292 harena.

125 1321 161 1360 ³⁹⁰
170 1311 209 1358 Nc
218 1312 338 1358 nocturna
347 1313 443 1368 quidem
452 1315 578 1368 carpentes
588 1329 663 1369 pensa
672 1313 766 1369 puellae

169 1380 291 1428 nescivero
300 1380 410 1438 hiemem,
421 1383 487 1429 testa
497 1397 552 1428 cum
562 1382 662 1428 ardente
672 1381 781 1428 viderent

170 1447 302 1496 scintillare
312 1448 390 1496 oleum
400 1451 425 1497 ct
435 1451 520 1505 putres
530 1464 682 1496 concrescere
691 1449 787 1505 fungos.

197 1516 250 1564 Nec
259 1517 339 1564 minus
353 1534 383 1565 ex
391 1518 463 1565 imbri
475 1518 536 1565 soles
544 1520 569 1565 et
579 1519 664 1573 aperta
674 1533 760 1564 serena

168 1585 304 1642 prospicere
314 1587 339 1633 ct
349 1587 421 1634 certis
429 1587 519 1642 poteris
527 1602 669 1642 cognoscere
680 1586 768 1642 signis:

169 1669 227 1701 num
236 1669 313 1710 nequo
323 1657 376 1700 tum
387 1655 463 1703 stellis
473 1655 535 1703 acies
545 1655 632 1702 obtusa
641 1656 746 1713 videtur,

169 1737 214 1770 nec
223 1722 309 1770 fratris
319 1723 393 1769 reddis
403 1723 505 1770 obnoxia
515 1739 613 1780 surgere
624 1724 702 1781 Luna,

169 1791 254 1839 tenuia
262 1806 307 1838 nec
316 1790 387 1838 lanae
397 1806 441 1847 per
448 1791 541 1839 caelum
550 1792 640 1838 vellera
649 1792 709 1838 ierri
717 1811 724 1849 ;

169 1874 219 1907 non
228 1859 338 1915 tepidum
348 1860 380 1906 nd
389 1860 463 1906 solem
474 1875 565 1915 pennas
574 1861 600 1906 in
609 1859 679 1907 litore
688 1859 799 1916 pandunt

169 1927 272 1976 dilectae
282 1927 380 1975 Thetidi
389 1928 507 1985 alcyones,
518 1944 566 1975 non
576 1944 617 1975 oro
627 1928 717 1975 solutos

124 2006 160 2045 ⁴00
169 1997 290 2044 immundi
299 1996 429 2044 meminero
439 2012 493 2044 sues
503 1997 595 2044 iactare
607 1997 734 2052 maniplos.

168 2065 206 2114 At
217 2065 321 2113 nebulae
335 2065 412 2120 magis
430 2065 480 2112 ima
497 2067 585 2122 petunt
602 2081 734 2121 campoque
751 2080 844 2114 recum·

225 2134 297 2191 bunt,

169 2203 227 2251 solis
236 2203 262 2250 ct
272 2217 383 2250 occasum
393 2218 491 2250 servans
502 2204 531 2250 de
541 2203 644 2250 culmine
654 2216 748 2248 summo

168 2271 315 2327 nequiquam
325 2286 389 2318 seros
400 2274 494 2319 exercet
504 2274 594 2319 noctua
603 2273 698 2318 cantus.

169 2340 281 2395 Apparet
291 2340 381 2395 liquido
391 2339 498 2386 sublimis
508 2340 533 2385 in
544 2343 599 2385 siro
609 2338 692 2392 Nisus,

169 2411 195 2457 et
205 2423 250 2464 pro
260 2423 381 2464 purpureo
391 2423 479 2464 pocnas
489 2408 533 2454 dat
546 2405 625 2461 Scylla
635 2403 721 2459 capillo
735 2423 741 2450 ι

170 2492 322 2593 quacumque
328 2477 372 2524 illa
380 2477 457 2524 levem
466 2476 563 2532 fugiens
573 2475 639 2522 secet
648 2472 746 2520 aethere
751 2473 844 2528 pennis,
