1972 3164
443 353 466 392 P.
479 352 600 393 VERGILI
612 352 742 394 morus

256 449 282 496 et
292 445 367 496 Pater
376 449 527 505 omnipotens
537 451 563 497 et
572 451 602 497 tu
612 450 728 498 Saturnia
737 451 845 499 coniunx

257 516 315 574 (iam
337 516 429 574 melior,
452 517 510 574 iam,
537 517 602 576 diva,
623 518 726 576 precor),
752 520 830 576 tuque
851 519 936 569 inclita

313 585 421 644 Mavors,

209 661 246 702 180
257 657 346 703 cuncta
354 657 398 702 tuo
407 654 448 711 qui
456 653 528 711 bella,
538 655 617 711 pater,
625 653 670 701 sub
679 654 779 701 numine
789 655 905 714 torques3

256 723 383 779 fontesque
393 723 524 779 fluviosque
534 737 602 779 voco,
613 736 720 779 quaeque
729 723 837 772 aetheris
847 725 896 772 alti

256 791 341 848 religio
350 793 375 839 ot
384 807 445 848 quae
455 791 565 839 caeruleo
574 792 632 839 sunt
641 791 742 839 numina
751 793 843 847 ponto:

257 859 355 908 cesserIt
364 859 472 907 Ausonio
482 859 503 907 si
512 859 562 906 fors
572 859 674 906 victoria
683 860 777 917 Turno,

256 929 368 975 convenit
377 927 487 974 Evandri
496 927 573 975 victos
582 927 703 974 discedere
714 927 745 974 ad
754 929 852 989 urbem,

256 996 324 1043 cadet
334 996 403 1043 Iulus
412 996 485 1053 agris,
495 1010 540 1042 nec
549 997 604 1051 post
613 1010 682 1042 arma
690 994 742 1042 ulla
751 995 856 1045 rebelles

255 1064 383 1111 Aeneadae
392 1063 499 1111 referent
509 1063 603 1110 ferrove
612 1063 672 1111 haec
681 1078 757 1120 regna
764 1064 894 1114 lacessent.

256 1131 299 1178 Sin
309 1133 418 1178 nostrum
428 1131 541 1178 annuerit
551 1130 618 1179 nobis
626 1130 736 1178 Victoria
744 1133 857 1182 Martem

255 1199 294 1256 (ut
303 1200 383 1257 potius
392 1215 447 1247 reor
456 1201 481 1246 et
490 1199 571 1255 potius
581 1199 607 1246 di
615 1198 714 1246 numine
724 1199 843 1260 firment),

255 1283 305 1315 non
314 1282 359 1324 ago
368 1283 412 1315 nec
422 1267 522 1314 Teucris
532 1263 608 1314 Italos
618 1281 701 1322 parere
711 1267 800 1316 iubebo

209 1353 246 1392 ιφ
256 1350 300 1382 nec
310 1336 369 1382 mihi
378 1350 454 1392 reg-na
464 1337 521 1391 peto
531 1355 536 1382 :
547 1334 646 1391 paribus
656 1349 681 1381 se
691 1334 786 1391 legibus
796 1337 885 1387 ambae

255 1403 360 1451 invictae
369 1406 452 1461 gentes
462 1405 563 1450 aeterna
571 1403 597 1449 in
607 1402 705 1450 foedera
714 1403 827 1452 mittant.

257 1470 331 1518 Sacra
340 1472 442 1527 deosque
453 1471 514 1518 dabo
523 1491 529 1529 ;
545 1486 612 1519 socer
621 1486 690 1518 arma
699 1471 806 1519 Latinus
815 1472 913 1531 habeto,

254 1537 382 1595 imperinm
392 1539 507 1586 sollemne
517 1554 584 1587 socer
595 1558 601 1595 ;
616 1539 676 1585 mihi
685 1539 782 1587 moenia
792 1541 883 1590 Teucri

256 1606 412 1664 constituant,
423 1607 523 1663 urbique
535 1607 603 1654 dabit
613 1606 714 1654 Lavinia
724 1611 832 1657 nomen?

256 1675 295 1722 Sic
305 1676 370 1731 prior
380 1677 475 1723 Aeneas
487 1695 492 1732 ;
509 1676 618 1731 sequitur
628 1675 662 1722 sic
671 1676 756 1722 deinde
767 1677 874 1725 Latinus

255 1744 386 1800 suspiciens
396 1744 497 1801 caelum,
507 1745 633 1800 tenditque
643 1743 674 1791 ad
684 1744 764 1792 sidera
772 1746 902 1794 dextram:

256 1811 263 1832 ‘
272 1813 341 1860 Hace
351 1813 442 1868 cadem,
453 1813 544 1869 Aenea,
554 1814 647 1860 terram
657 1827 724 1859 mare
734 1813 815 1860 sidera
824 1815 888 1872 iuro,

255 1881 409 1937 Latonaeque
418 1897 494 1937 genus
504 1881 602 1939 duplex,
613 1882 748 1936 Ianumque
757 1882 900 1940 bifrontem,

254 1949 350 2004 vimque
360 1948 430 1994 deum
440 1949 561 1996 infernam
571 1951 597 1996 et
604 1948 660 1995 duri
669 1949 777 1996 sacraria
787 1951 870 2008 Ditis;

206 2037 244 2064 200
255 2016 339 2063 audiat
348 2016 408 2062 haec
418 2017 528 2074 Genitor,
539 2017 580 2072 qui
589 2017 687 2065 foedera
695 2017 798 2064 fulmine
808 2019 897 2066 sancit.

255 2084 339 2141 Tango
348 2099 412 2140 aras,
423 2085 513 2131 medios
522 2085 590 2141 ignes
600 2087 625 2132 et
635 2085 735 2131 numina
744 2087 826 2132 testor
837 2107 842 2132 :

254 2152 322 2198 nulla
332 2153 381 2199 dies
391 2167 475 2207 pacem
488 2153 552 2199 hanc
562 2152 633 2199 Italis
642 2167 686 2199 nec
696 2152 794 2199 foedera
804 2156 912 2210 rumpet,

254 2236 300 2277 quc
310 2237 349 2268 res
359 2236 458 2276 cumque
468 2220 556 2268 cadent
566 2239 572 2276 3
586 2235 629 2267 nec
638 2236 677 2267 me
687 2219 785 2267 visulla
795 2222 918 2269 volentem

253 2291 356 2346 avertet,
366 2304 423 2344 non,
434 2289 454 2335 si
463 2289 576 2336 tellurem
585 2289 695 2335 effundat
704 2288 730 2334 in
739 2289 820 2335 undas

253 2357 344 2405 diluvio
354 2357 455 2403 miscens
465 2357 606 2413 caelumque
616 2357 641 2402 in
653 2357 759 2402 Tartara
769 2356 866 2415 solvat3

253 2427 282 2472 ut
301 2428 423 2481 sceptrum
445 2426 504 2472 hoc'
526 2427 621 2482 (dextra
641 2426 764 2479 sceptrum
785 2439 846 2471 nam
868 2423 932 2471 forte

308 2494 419 2550 gerebat)

254 2559 260 2581 ‘
270 2577 403 2617 numquam
413 2561 499 2607 fronde
508 2560 556 2607 levi
562 2559 648 2607 fundet
654 2559 763 2616 virgulta
770 2576 816 2607 nec
824 2560 931 2617 umbras,

253 2643 308 2674 cum
318 2629 391 2675 semel
400 2630 425 2675 in
436 2629 502 2676 silvis
512 2629 561 2675 imo
571 2629 600 2675 de
610 2629 686 2684 stirpe
696 2629 798 2675 recisum

300 2695 370 2744 (⁴10)
