1972 3164
267 517 302 582 P.
334 516 520 582 VERGILI
551 516 766 585 MARONIS

377 687 415 761 A
428 687 462 761 Ε
477 685 515 762 N
529 687 563 761 Ε
578 687 600 762 Ι
614 687 642 765 S

470 875 546 903 ..40-

344 1005 463 1062 LIBER
489 1006 680 1063 OCTAVUS.

172 1138 245 1230 'UT
254 1136 310 1184 belli
319 1138 416 1197 signum
425 1138 542 1186 Laurenti
552 1139 650 1185 Turnus
660 1139 692 1187 ab
702 1154 760 1187 arce

237 1207 326 1254 extulit
335 1209 361 1254 et
370 1224 444 1256 rauoo
454 1208 611 1264 strepuerunt
620 1222 714 1254 cornua
724 1208 806 1263 cautu,

171 1276 247 1332 utque
256 1291 323 1323 acres
333 1277 453 1324 concussit
463 1291 534 1332 equos
544 1278 618 1331 utque
627 1274 728 1331 impulit
738 1289 813 1330 arma,

171 1344 293 1400 extemplo
302 1344 396 1392 turbati
406 1343 489 1402 animi,
500 1344 572 1392 simul
581 1359 651 1392 omne
661 1343 774 1390 tumultu

172 1411 283 1459 coniurat
292 1412 387 1468 trepido
397 1413 494 1459 Latium
505 1412 627 1468 saevitque
636 1411 754 1460 iuventus

172 1481 255 1528 effera.
285 1481 405 1529 Ductores
415 1481 487 1537 primi
496 1481 623 1536 Messapus
633 1481 660 1528 et
670 1479 751 1528 Ufens

172 1549 370 1605 contemptorque
380 1549 451 1596 deum
461 1548 597 1596 Mezentius
607 1548 715 1604 undique
725 1547 815 1604 cogunt

172 1615 272 1673 auxilia,
283 1617 308 1663 ot
317 1616 379 1663 latos
389 1618 489 1663 vastant
499 1616 631 1664 cultoribus
640 1632 722 1673 agros.

172 1684 284 1731 Mittitur
293 1686 318 1731 et
328 1684 410 1742 magni
420 1685 529 1732 Venulus
539 1684 662 1732 Diomedis
672 1685 704 1731 ad
715 1684 809 1740 urbem,

139 1779 163 1804 10
173 1752 214 1808 qui
224 1754 292 1808 petat
301 1752 418 1799 auxilium
428 1754 454 1799 ct
464 1752 535 1800 Latio
545 1752 675 1800 consistere
686 1752 802 1808 TeucroS,

172 1821 300 1868 advectum
310 1821 410 1868 Aenean
421 1820 492 1867 classi
502 1820 624 1876 victosque
634 1819 742 1867 Penates

172 1889 262 1936 inferre
272 1890 297 1935 et
306 1888 365 1935 latis
374 1904 457 1947 regem
468 1904 493 1935 se
504 1889 582 1935 dicere
592 1887 666 1945 posci,

171 1959 279 2015 edoceat,
289 1958 426 2014 multasque
437 1958 490 2005 viro
500 1973 525 2005 se
537 1958 669 2016 adiungere
679 1958 766 2014 gentes

172 2026 305 2083 Dardanio,
316 2028 342 2073 et
351 2026 401 2074 late
412 2025 483 2073 Latio
492 2025 669 2073 increbrescere
678 2040 778 2072 nomen.

173 2095 236 2152 Quid
247 2095 328 2142 struat
338 2094 375 2141 his
383 2095 481 2151 coeptis,
490 2109 570 2150 quem,
579 2094 600 2140 si
606 2094 719 2140 Fortuna
727 2095 851 2160 sequatur,

172 2164 285 2212 eventum
295 2177 391 2220 pugnae
401 2162 491 2218 cupiat,
504 2161 657 2208 manifestius
668 2160 717 2216 ipsi

172 2247 243 2286 quam
254 2231 338 2277 Turno
348 2230 399 2287 regi
411 2232 454 2277 aut
464 2230 515 2286 rogi
525 2245 641 2286 apparere
652 2229 751 2278 Latino.

200 2299 270 2346 Talia
279 2314 323 2354 per
332 2299 438 2346 Latium.
470 2299 536 2355 Quae
546 2298 735 2345 Laomedontius
745 2300 817 2346 heros

172 2369 260 2415 cuncta
269 2368 353 2415 videns
363 2383 451 2424 magno
461 2383 574 2415 curarum
585 2367 689 2414 fluctuat
700 2368 783 2424 aestu,

220 2435 228 2482 (
238 2435 290 2484 294)
