1972 3164
420 179 570 221 Buconica
595 180 606 218 1

173 272 223 322 Hie
233 271 292 320 mihi
300 287 441 330 responsum
451 273 545 330 primus
556 273 622 322 dedit
632 271 672 321 ille
682 273 788 330 petenti:

173 341 285 391 ‘Pascite
294 344 390 390 utente
398 342 479 400 boves,
489 343 574 399 pueri:
591 342 735 390 summittite
744 341 845 390 tauros!

201 411 238 460 Μ.
268 411 404 460 Fortunate
417 427 499 470 senex,
510 426 569 469 ergo
577 412 623 458 tua
632 426 692 458 rura
700 411 841 469 manebunt,

169 479 197 526 st
207 479 254 527 tibi
262 495 352 538 magna
361 480 429 538 satis,
439 480 549 537 quamvis
558 479 620 536 lapis
628 479 709 527 omnia
717 480 796 527 nudus

170 545 304 604 limosoque
313 547 383 604 palus
393 548 498 596 obducat
511 564 601 604 pascua
610 548 683 595 iunco
692 567 698 596 ε

136 632 163 672 ⁵0
170 630 223 664 non
232 616 330 664 insueta
339 631 425 675 graves
434 617 591 672 temptabunt
600 616 692 673 pabula
700 617 773 674 fetas,

170 698 217 732 nso
227 684 293 731 mala
301 684 375 732 vicini
383 685 474 740 pecoris
485 685 598 742 contagia
606 684 712 733 laedent.

171 751 308 800 Fortunata
318 767 398 810 senex,
408 752 448 800 hic
457 751 522 800 inter
531 752 631 800 flumina
639 755 700 801 nota

169 823 197 869 st
207 821 288 868 fontes
298 835 378 869 sacros
387 820 467 878 frigus
477 821 586 877 captabis
596 836 707 877 opacum.

172 889 240 937 Hinc
248 888 302 946 tibi,
313 903 374 945 quae
384 904 486 946 semper,
496 889 575 937 vicino
584 890 615 937 ab
624 890 702 938 limite
711 905 780 946 sepes

172 957 291 1014 Hyblaeis
300 957 385 1012 apibus
398 956 480 1004 florem
490 957 593 1014 depasta
602 958 681 1006 salicti

171 1041 244 1082 saepe
253 1025 302 1073 leri
310 1040 420 1072 somnum
430 1025 542 1073 suadebit
551 1026 612 1075 inire
622 1042 736 1074 susurro:

171 1093 230 1141 hino
239 1092 292 1140 alta
301 1093 345 1140 sub
354 1108 416 1149 rupe
425 1095 497 1140 canet
505 1093 634 1142 frondator
645 1095 677 1142 ad
687 1111 759 1142 auras
768 1115 775 1152 3

171 1177 218 1210 nec
227 1163 310 1208 tamen
318 1161 412 1208 interea
421 1177 509 1209 raucae
518 1163 563 1208 tua
572 1178 631 1210 cura
640 1163 765 1219 palumbes

172 1245 218 1278 nec
227 1245 324 1287 gernere
332 1229 400 1277 aeria
409 1229 512 1278 cessabit
521 1232 606 1278 tamur
612 1231 643 1278 ab
653 1231 727 1278 ulmo.

138 1299 163 1340 ⁶0
202 1298 233 1345 T.
261 1297 326 1346 Ante
337 1297 402 1346 leves
412 1313 470 1355 ergo
479 1300 610 1354 pascentur
618 1299 645 1344 in
659 1298 757 1346 aethere
767 1299 840 1356 cervi,

172 1366 199 1414 et
209 1365 417 1414 neocastren
426 1365 619 1413 nudosinlitore
629 1365 706 1421 pisces
715 1384 722 1422 3

174 1437 233 1483 ente
242 1435 372 1490 pererratis
382 1434 508 1482 amborum
518 1433 607 1480 finibus
617 1432 685 1480 exsul

173 1504 219 1551 aut
229 1503 327 1551 Ararim
336 1503 444 1550 Parthus
454 1503 521 1549 bibet
531 1503 575 1549 aut
586 1501 716 1549 Germania
726 1501 826 1560 Tigrim,

173 1586 248 1627 quarn
257 1573 341 1619 nostro
349 1571 414 1618 illius
423 1571 523 1618 labatur
532 1573 629 1627 pectore
638 1570 730 1619 vultus.

203 1639 240 1688 M.
268 1640 303 1686 At
312 1655 356 1686 nos
364 1639 422 1687 hinc
432 1639 474 1686 alii
483 1639 592 1687 sitientes
604 1639 693 1686 ibimus
702 1640 784 1699 Atros,

174 1723 232 1764 pars
243 1706 366 1765 Scythiam
376 1710 401 1756 et
410 1708 523 1764 rapidum
537 1708 624 1756 Cretae
634 1708 757 1756 veniemus
767 1709 851 1756 Oaxen

173 1778 200 1823 et
209 1776 307 1833 penitus
316 1778 368 1824 toto
378 1776 466 1824 divisos
476 1776 533 1823 orba
541 1777 682 1824 Britannos.

174 1843 215 1891 En
224 1859 339 1901 nmquam
349 1844 442 1900 patrios
451 1843 523 1902 longo
532 1846 588 1901 post
597 1846 706 1901 tempore
715 1846 784 1903 fines,

174 1912 289 1969 pauperis
299 1913 324 1960 et
332 1912 418 1970 tuguri
427 1915 568 1970 congestum
578 1914 683 1969 caespite
694 1914 789 1962 culmen

138 1997 165 2034 70
175 1982 231 2037 post
241 1980 332 2037 aliquot
342 1996 396 2028 mea
404 1996 482 2038 regna
490 1981 574 2029 ridens
583 1981 690 2028 mirabor
699 1982 804 2030 aristas?

175 2049 269 2105 Impius
279 2049 338 2097 haec
347 2051 399 2096 tam
409 2050 477 2097 culta
485 2049 582 2097 novalia
590 2049 658 2096 miles
667 2049 774 2107 habebit,

174 2116 294 2165 barbarus
303 2117 348 2165 has
357 2119 450 2175 segetes
461 2138 466 2165 :
480 2133 511 2164 en
520 2133 567 2174 quo
576 2117 696 2165 discordia
705 2118 768 2165 cives

175 2185 290 2242 produxit
300 2186 412 2234 miseros!
429 2186 468 2233 his
477 2200 521 2233 nos
531 2185 680 2234 consevimus
691 2187 777 2242 agros!

176 2253 260 2302 Insere
269 2270 342 2312 nunc,
353 2254 478 2312 Meliboee,
486 2255 551 2310 piros
561 2275 566 2302 :
581 2270 643 2310 pone
652 2254 735 2301 ordine
744 2252 815 2300 vites.

176 2322 216 2371 Ite
226 2338 293 2371 meae
306 2322 365 2371 felix
375 2322 495 2380 quondam
505 2338 577 2379 pecus
587 2323 621 2370 ite
631 2321 744 2377 capellae.

176 2389 234 2439 Non
242 2407 289 2448 ego
298 2407 340 2439 vos
349 2392 450 2448 posthac
457 2391 528 2438 viridi
537 2391 659 2447 proiectus
668 2388 694 2434 in
703 2389 775 2435 antro

226 2537 236 2585 <
372 2489 398 2521 68.
419 2484 553 2520 ’omna’ede
560 2481 658 2518 nonnulli.

245 2553 266 2577 11
276 2539 285 2587 )
