1972 3164
306 178 416 221 Annulo
442 178 486 219 XII

58 274 145 323 meluit
155 276 180 322 et
190 275 270 321 mutue
280 274 375 334 ugiture
384 273 501 332 inglorius
512 274 585 322 artes.

60 343 147 391 Stabat
157 343 244 390 acerba
254 343 368 402 tremens,
378 344 502 401 ingentem
511 344 583 391 nixus
593 344 618 390 in
628 343 732 401 bustam,

59 413 154 460 Aeneas
165 428 252 468 magno
261 411 375 460 iuvenum
383 416 409 460 et
418 414 547 461 maerentis
558 412 607 459 Iuli

10 505 48 541 400
61 497 186 538 concursu,
196 481 300 529 lacrimis
309 481 444 531 immobilis.
474 482 520 530 Ille
529 483 622 529 retorto

60 549 192 596 Paeonium
201 550 227 596 in
236 565 326 597 morem
337 551 415 597 senior
423 550 560 598 succinctus
570 550 670 606 amictu,

60 618 138 664 multo
147 633 221 664 manu
231 618 324 666 medice
333 618 468 674 Phoebique
477 618 615 674 potentibus
625 618 707 665 herbis

58 687 202 742 nequiquam
212 687 328 743 trepidet,
338 687 480 743 nequiquam
491 687 583 743 spicula
592 687 679 734 dextra

59 755 174 801 sollicitet
184 757 329 810 prensatque
338 755 418 802 tenaci
426 756 517 812 forcipe
527 756 628 804 ferrum.

59 821 137 868 Nulla
145 822 209 868 viam
219 822 329 870 Fortuna
338 823 409 880 regit,
419 823 479 870 nihil
488 825 573 870 auctor
582 824 670 880 Apollo

60 890 171 937 subvenit
180 910 186 946 ;
201 892 226 938 et
236 906 321 938 suevus
331 892 421 948 campie
434 893 511 949 magis
521 906 550 939 uc
559 893 637 950 magis
648 893 734 939 horror

59 957 186 1005 crebrescit
204 959 349 1016 propiusque
368 961 459 1008 malum
479 962 524 1008 est.
561 961 614 1008 Ium
633 961 733 1016 pulvere

114 1027 205 1074 coelum

57 1095 123 1141 sture
132 1095 229 1142 vident:
245 1096 350 1144 subeunt
360 1097 460 1153 equites,
471 1097 496 1143 et
506 1095 599 1150 epiculu
608 1094 694 1141 custrie

58 1161 134 1206 denso
141 1163 230 1209 cadunt
240 1164 333 1210 mediis.
364 1165 389 1209 It
398 1163 477 1209 tristis
487 1163 519 1208 ad
529 1163 629 1208 aethera
639 1160 729 1207 clamor

10 1246 48 1286 μο
59 1227 194 1274 bellantum
202 1229 317 1276 iuvenum
326 1231 352 1276 et
362 1230 423 1275 duro
433 1229 478 1274 sub
488 1229 570 1275 Morte
581 1229 718 1277 cedentum.

59 1295 110 1342 Hic
120 1295 210 1350 Venus,
220 1295 320 1350 indigno
329 1295 383 1340 nuti
393 1309 509 1341 concussu
518 1295 607 1352 dolore,

18 1364 27 1377 '
60 1363 210 1409 dictamnum
221 1361 333 1419 genetrix
343 1362 445 1408 Cretaea
455 1362 534 1417 carpit
543 1362 574 1409 ub
584 1363 636 1420 Idu,

60 1429 190 1486 puberibus
199 1429 292 1476 caulem
302 1428 366 1475 foliis
376 1430 401 1475 et
411 1429 468 1477 flore
478 1433 613 1477 comantem

60 1513 182 1554 purpureo
191 1517 198 1554 ;
211 1513 261 1545 non
270 1496 380 1544 illuseris
390 1497 513 1554 incognita
522 1500 601 1555 capris

23 1558 27 1566 '
60 1567 180 1624 gramina,
191 1583 246 1614 cum
256 1569 327 1622 tergo
336 1565 444 1612 volucres
453 1565 551 1613 haesere
563 1567 674 1622 sagittae.

59 1635 115 1682 Hoc
125 1636 216 1692 Venus,
227 1636 329 1683 obscuro
338 1634 425 1681 faciem
435 1634 585 1681 circumdata
594 1634 684 1691 nimbo,

59 1702 149 1750 detulit
158 1722 165 1759 ;
179 1703 225 1750 hoc
235 1703 317 1750 fusum
328 1701 401 1749 labris
411 1701 591 1758 splendentibus
601 1718 697 1750 amnem

28 1802 31 1809 -
59 1771 137 1818 inficit
146 1771 239 1818 occulte
249 1770 379 1828 medicans,
390 1772 528 1828 spargimue
538 1771 646 1819 salubres

60 1839 192 1886 ambrosiae
203 1855 271 1887 sucos
281 1846 307 1886 et
316 1839 461 1887 odoriferam
471 1855 610 1895 panaceam.

10 1922 49 1958 ⁴²0
60 1908 132 1955 Fovit
142 1923 171 1955 eu
180 1909 268 1955 vulnus
278 1907 376 1964 lympha
386 1907 516 1967 longaevus
526 1911 604 1967 Iapyx

59 1976 182 2033 ignorans,
193 1977 319 2032 subitoque
329 1976 406 2023 omnis
416 1977 446 2024 de
456 1993 554 2033 corpore
565 1978 629 2033 fugit

60 2044 146 2099 quippe
155 2044 230 2103 dolor,
241 2046 319 2093 omnis
329 2045 399 2092 stetit
408 2045 457 2091 imo
466 2045 566 2092 vnlnere
576 2045 675 2101 sanguis
683 2063 689 2098 ;

59 2111 154 2166 iamque
165 2115 248 2159 secutu
257 2129 356 2160 manum
366 2112 435 2159 nullo
445 2114 545 2167 cogente
556 2111 649 2167 sagitta

61 2179 156 2235 excidit,
167 2181 238 2234 utqne
247 2196 323 2229 novoe
332 2182 424 2230 rediere
434 2181 459 2226 in
469 2179 572 2234 pm'etina
581 2178 652 2224 vires.

63 2244 152 2291 ‘Arma
161 2246 202 2293 citi
211 2252 338 2304 properate
347 2249 399 2296 viro
407 2269 413 2305 ;
428 2248 485 2303 quid
495 2247 596 2294 etatisi'
608 2247 686 2301 Iupyx
710 2300 712 2304 Ι

61 2313 196 2360 conclamat
206 2315 342 2372 primusque
351 2318 443 2365 animos
454 2316 563 2363 accendit
572 2316 598 2362 in
608 2315 709 2361 boetem.

61 2381 68 2404 ‘
77 2382 134 2429 Non
143 2382 203 2429 haee
212 2383 323 2432 humanis
332 2386 425 2442 opibus,
436 2400 485 2432 non
495 2386 548 2431 arte
558 2383 677 2440 magistro

59 2451 205 2506 proveniunt
215 2467 291 2507 neque
300 2454 333 2510 te,
343 2455 434 2510 Aeneu,
444 2469 498 2500 mea
508 2454 608 2500 dexteru
617 2453 712 2499 servet:

108 2518 179 2568 (417)
387 2532 400 2560 0
