1972 3164
316 175 426 215 AENEIS.
453 175 472 214 X

57 286 100 319 seu
109 271 168 319 fatis
178 271 269 319 Italum
280 275 362 320 castra
370 273 492 322 obsidione
500 276 625 331 tenentur,

10 358 46 385 110
57 341 107 388 sire
117 355 198 388 errore
208 341 272 388 malo
282 341 368 388 Troiae
381 342 525 399 monitisque
535 343 646 390 sinistris.

57 409 109 456 Nec
119 408 225 456 Rutulos
235 410 301 456 solvo
310 430 316 456 ε
332 424 376 456 sua
386 411 470 466 cuique
480 426 566 458 exorsa
574 411 680 458 laborem
791 459 793 463 Α

56 478 228 534 fortunamque
237 477 326 525 ferent.
356 479 410 525 Rex
419 479 530 536 Iuppiter
540 480 650 527 omnibus
659 480 731 527 idem.

56 546 122 593 Fata
130 547 195 593 viam
205 547 345 594 invenient?
376 547 454 604 Stygii
464 564 507 604 per
516 549 615 596 flumina
624 549 718 606 fratris,

56 631 101 671 per
110 615 162 671 pica
171 617 293 663 torrentes
303 617 404 672 atraque
413 617 529 673 voragine
538 616 604 672 ripas

57 685 153 741 annuit,
164 686 190 731 et
200 687 280 731 totum
289 687 352 732 nutu
363 685 499 733 tremefecit
509 686 647 742 Olympum.

58 754 108 801 Hic
117 754 172 801 finis
182 754 258 802 tandi.
289 754 352 802 Solio
362 756 416 802 tum
425 755 537 810 Iuppiter
548 771 621 803 aureo

59 823 147 879 surgit,
158 823 284 871 caelicolae
294 823 399 870 medium
409 839 480 879 quem
490 824 522 871 ad
531 824 615 871 limina
624 825 726 873 ducunt.

87 892 186 939 Interea
195 892 283 938 Rutuli
292 891 368 948 portis
378 892 469 940 circum
478 892 587 940 omnibus
596 893 691 940 instant

59 961 167 1008 sternere
177 962 249 1008 caede
259 961 323 1008 viros
333 962 359 1008 et
368 961 462 1009 moenia
472 962 567 1018 cingere
576 960 688 1009 flammis.

10 1040 49 1067 ¹20
59 1030 95 1077 At
105 1029 167 1086 legio
176 1029 318 1078 Aeneadum
327 1030 399 1077 vallis
409 1030 505 1078 obsessa
514 1031 621 1087 tenetur,

58 1112 104 1145 nea
114 1113 168 1153 spes
177 1098 229 1145 ulla
237 1099 319 1156 fugae.
349 1100 433 1146 Miseri
443 1100 511 1146 stant
520 1098 630 1145 turribus
640 1098 697 1146 altis

59 1166 211 1224 nequiquam,
221 1170 247 1214 et
255 1183 314 1214 rara
322 1183 405 1215 muros
415 1167 512 1214 cinxere
523 1181 611 1213 corona
621 1185 628 1222 3

59 1235 134 1282 Asius
144 1236 289 1283 Imbrasides
299 1235 504 1290 Hicetaoniusque
514 1234 658 1289 Thymoetes

60 1303 221 1358 Assaracique
231 1304 280 1351 duo
289 1306 314 1351 et
324 1304 402 1351 senior
412 1318 467 1350 cum
478 1303 578 1350 Castore
588 1302 726 1359 Thymbra,

60 1372 141 1429 prima
151 1372 213 1419 acies
222 1391 228 1428 ;
241 1372 285 1418 hos
295 1371 405 1428 germani
415 1370 560 1426 Sarpedonis
570 1370 651 1426 ambo,

60 1443 87 1489 et
97 1441 184 1488 Clarus
194 1443 219 1488 et
233 1440 358 1487 Thaemon
368 1439 442 1495 Lycia
451 1438 599 1486 comitantur
608 1437 639 1484 ab
648 1437 707 1484 alta.

61 1510 122 1557 Fert
132 1510 217 1566 ingens
227 1511 280 1556 toto
290 1509 389 1556 conixus
399 1523 498 1564 corpore
508 1521 601 1563 saxum,

62 1578 128 1625 haud
138 1581 234 1634 partem
244 1577 356 1634 exiguam
365 1577 462 1633 montis,
474 1575 604 1632 Lyrnesius
613 1574 715 1631 Acmon,

62 1663 108 1695 nec
118 1647 197 1703 Clytio
206 1646 315 1702 genitore
325 1645 403 1693 minor
412 1659 456 1692 nec
464 1644 543 1690 fratre
553 1642 702 1690 Menestheo.

12 1724 53 1762 130
63 1717 99 1764 Hi
108 1716 201 1772 iaculis,
212 1715 248 1762 illi
258 1716 353 1762 certant
363 1713 491 1761 defendere
501 1712 574 1768 saxis,

63 1785 188 1840 molirique
198 1785 278 1841 ignem
288 1797 407 1838 nervoque
417 1783 503 1838 aptare
513 1781 624 1840 sagittas.

63 1856 120 1910 Ipso
129 1854 194 1900 inter
203 1853 302 1909 medios,
313 1852 414 1900 Veneris
423 1851 555 1898 iustissima
565 1865 632 1907 cura,

65 1922 204 1971 Dardanius
214 1924 288 1978 caput
297 1935 352 1969 ecce
362 1936 423 1977 puer
432 1921 543 1968 detectus
552 1919 691 1975 honestum,

64 1992 142 2048 qualis
151 2007 247 2048 gemma
256 1991 338 2048 micat,
349 1990 445 2036 fulvum
456 2004 517 2045 quae
527 1988 614 2035 dividit
624 2002 720 2044 aurum,

65 2063 109 2108 aut
120 2061 180 2108 collo
189 2060 260 2107 decus
270 2061 314 2106 aut
324 2059 399 2114 capiti
409 2077 414 2114 ;
430 2058 469 2104 vel
479 2057 549 2112 quale
559 2070 603 2111 per
613 2056 693 2102 artem

65 2129 187 2177 inclusum
196 2128 260 2175 buxo
269 2129 313 2175 aut
323 2127 404 2174 Oricia
413 2124 551 2172 terebintho

66 2200 132 2247 lucet
141 2197 202 2244 ebur
211 2217 217 2254 ;
231 2197 298 2243 lusos
309 2194 391 2242 cervix
400 2194 439 2241 cui
448 2193 528 2239 lactea
538 2192 615 2239 crines

67 2267 155 2322 accipit
164 2268 189 2313 et
199 2265 265 2313 molli
275 2264 418 2312 subnectens
428 2261 532 2308 circulus
543 2276 611 2307 auro.

68 2337 103 2384 Te
113 2350 205 2391 quoque
215 2333 384 2390 magnanimae
395 2330 517 2385 viderunt,
528 2330 628 2385 Ismaro,
639 2329 723 2384 gentes

20 2417 59 2452 ¹40
68 2405 170 2452 vulnera
179 2403 283 2460 dirigere
293 2403 318 2448 at
328 2400 433 2447 calamos
443 2413 539 2445 armare
548 2412 648 2454 veneno,

69 2472 182 2521 Maeonia
189 2485 303 2528 generose
312 2469 391 2525 domo,
402 2468 444 2514 ubi
453 2466 553 2523 pinguia
563 2465 630 2513 culta

117 2541 125 2587 (
135 2540 187 2589 349)
