1972 3164
316 167 426 209 AENEIS.
451 170 471 208 X

57 264 63 285 ‘
73 265 127 321 Quo
135 264 230 321 fugitis,
241 265 315 312 socii?
327 280 372 321 per
380 280 422 312 vos
432 267 458 312 et
467 265 544 314 fortia
553 266 629 324 facta,

10 352 45 388 370
55 348 99 390 per
109 333 177 380 ducis
187 333 297 380 Evandri
306 348 393 381 nomen
403 334 546 390 devictaque
555 333 619 381 bella

55 417 169 458 spemque
188 417 275 459 meam,
289 402 383 457 patriae
398 417 458 459 quae
471 419 537 451 nunc
551 403 618 450 subit
637 403 733 450 aemula

111 470 185 528 laudi,

54 539 122 586 fidite
132 554 162 586 ne
171 538 279 595 pedibus.
309 540 385 586 Ferro
394 541 530 596 rumpenda
539 556 584 596 per
592 540 676 588 hostes

54 605 93 651 est
102 604 150 650 via.
178 604 233 660 Qua
241 604 326 660 globus
335 604 377 652 ille
391 605 470 652 virum
482 606 638 654 densissimus
648 606 730 662 urget,

54 672 101 719 hac
110 688 153 719 vos
162 674 188 719 et
198 672 312 719 Pallanta
319 673 405 720 ducem
415 673 496 729 patria
504 675 557 722 alta
565 674 678 730 reposcit.

55 741 165 788 Numina
174 739 243 787 nulla
252 744 375 799 premunt,
386 743 485 790 mortali
497 759 613 800 urgemur
622 744 653 790 ab
663 743 732 791 hoste

55 809 177 867 mortales,
188 811 290 857 totidem
299 810 367 857 nobis
377 811 517 867 animaeque
527 828 667 869 manusque.

55 879 126 936 Ecce,
137 879 210 925 maris
221 895 310 936 magna
319 879 414 927 claudit
423 896 466 927 nos
477 881 552 928 obiice
562 884 660 937 pontus.

55 947 131 994 Deest
137 947 256 995 iamterra
261 948 334 1005 fugae
341 969 346 995 :
354 949 454 1005 pelagus
460 950 589 998 Troiamne
594 953 731 1007 petemusl'

56 1017 125 1063 Haec
132 1017 167 1063 ait
177 1018 202 1064 et
211 1017 303 1064 medius
313 1017 399 1064 densos
410 1019 548 1074 prorumpit
557 1018 583 1064 in
592 1019 682 1066 hostes.

10 1095 45 1144 380
56 1083 147 1132 Obvius
157 1085 213 1133 huic
222 1085 336 1144 primum,
346 1086 405 1133 fatis
416 1088 535 1134 adductus
544 1087 641 1144 iniquis,

55 1153 85 1200 fit
110 1154 199 1211 Lagus.
238 1155 322 1211 Hunc,
342 1171 432 1213 magno
454 1157 524 1203 vellit
548 1156 606 1202 dnm
629 1157 733 1212 pondere

112 1237 206 1279 saxum,

55 1292 147 1338 intorto
156 1291 210 1347 figit
220 1291 277 1347 telo,
288 1290 428 1338 discrimina
436 1291 509 1339 costis

55 1375 100 1415 per
109 1359 214 1406 medium
224 1375 272 1415 qna
282 1359 352 1414 spina
362 1359 445 1416 dabat,
456 1360 599 1415 hastamque
609 1361 720 1416 receptat

54 1428 148 1474 ossibus
170 1428 319 1475 haerentem.
360 1428 437 1484 Quem
462 1444 511 1475 uon
534 1444 608 1485 super
631 1430 735 1485 occupat

55 1565 96 1613 ille
102 1566 198 1622 quidem
208 1565 253 1612 hoc
264 1580 378 1621 sperans:
393 1580 450 1611 uam
457 1565 539 1612 Pallas
545 1567 603 1613 ante
613 1567 733 1624 ruentem,

57 1637 115 1683 dum
125 1634 196 1691 furit,
206 1633 333 1681 incautum
343 1633 434 1681 crudeli
444 1636 522 1681 morte
533 1633 620 1681 sodalis

56 1704 145 1759 excipit
155 1704 228 1758 atque
238 1718 319 1750 ensem
328 1702 424 1750 tumido
432 1703 459 1749 in
469 1703 583 1759 pulmone
594 1701 710 1750 recondit.

56 1774 122 1821 Hinc
133 1771 260 1819 Sthenium
270 1771 332 1826 petit
342 1772 367 1818 et
376 1770 467 1819 Rhoeti
476 1772 506 1819 de
515 1773 588 1828 genie
597 1773 697 1819 vetusta

56 1841 240 1896 Anchemolum,
250 1839 371 1887 thalamos
381 1855 467 1887 ausum
477 1840 597 1888 incestare
607 1855 732 1888 novercae.

10 1927 46 1967 390
57 1912 107 1959 Vos
117 1911 199 1966 etiam,
209 1909 307 1966 gemini,
318 1909 418 1955 Rutulis
428 1909 548 1957 cecidistis
557 1910 583 1956 in
593 1909 667 1966 agris,

57 1981 159 2037 Baucis,
170 1979 257 2027 Laride
267 1978 445 2035 Thymberque,
456 1978 579 2025 simillima
589 1977 677 2034 proles,

56 2050 188 2097 indiscreta
197 2049 246 2096 suis
256 2049 388 2104 gratusque
398 2047 541 2103 parentibus
551 2061 619 2093 error
629 2065 635 2101 3

56 2121 83 2166 at
94 2134 158 2166 nunc
168 2119 229 2165 dura
239 2117 305 2164 dedit
315 2116 382 2163 vobis
391 2116 531 2163 discrimina
540 2114 637 2161 Pallas:

57 2204 115 2235 nam
138 2187 190 2242 tibi,
216 2185 346 2242 Thymbre,
370 2185 444 2240 caput
471 2183 610 2231 Evandrius
633 2184 735 2231 abstulit

113 2271 192 2312 eus1s;

56 2327 82 2372 te
92 2325 171 2372 decisa
181 2340 260 2381 suum,
272 2324 368 2380 Laride,
379 2322 479 2369 dextera
489 2320 593 2377 quaerit,

57 2394 255 2449 semianimesque
263 2393 354 2440 micant
360 2391 432 2448 digiti
441 2390 582 2446 ferrumque
588 2391 734 2438 retractant.

57 2463 165 2511 Arcadas
175 2477 287 2510 accensos
297 2461 392 2509 monitu
400 2462 426 2507 et
435 2458 561 2515 praeclara
570 2460 667 2506 tuentes

105 2532 114 2580 (
124 2531 176 2581 357)
