1972 3164
425 125 581 166 RVERGILI
595 126 728 167 MARoms
807 118 831 175 ζμ
853 128 857 133 “

151 244 176 280 30
187 225 238 271 urit
249 223 420 272 Erichthonias
430 225 515 272 Oriens
524 240 575 272 uon
583 225 682 281 ignibus
692 242 769 283 arces,

188 308 232 340 nec
242 293 364 349 perfossus
374 293 452 339 Athos
461 307 505 340 nec
516 307 607 350 magno
616 293 718 340 vincula
726 296 799 350 ponto

188 361 253 408 iacta
262 376 315 407 meo
324 362 440 416 quaerent
449 361 498 407 iam
507 375 562 407 sera
571 360 696 409 volumine
705 362 805 418 famam,

189 445 237 475 uon
247 428 420 484 Hellespontus
430 428 529 484 pedibus
539 428 652 483 pulsatus
662 444 789 488 equorum,

189 496 291 544 Grnecia
300 512 355 543 cum
364 496 448 543 timuit
457 496 581 544 venientes
591 497 701 553 undique
710 499 799 546 Persas
809 520 814 546 ι

189 565 271 612 mollia
280 564 322 612 sed
330 564 399 612 tenui
408 564 468 620 pede
477 580 574 612 currere
583 566 696 613 carmina
705 582 803 614 versum

189 632 280 680 viribus
290 634 346 680 acta
355 632 405 679 suis
414 631 511 679 Phoebo
520 632 581 679 duoe
589 632 675 680 ludere
685 635 805 690 gaudent.
854 664 861 674 ·
943 662 951 673 ··

926 404 941 473 i

189 701 248 749 baec
261 701 314 759 tibi,
333 702 417 748 sancte
436 715 504 758 puer,
524 700 730 749 memorabimus:
750 703 811 751 haec
826 703 850 751 ti
938 696 942 703 ’

189 837 267 894 gloria
276 839 420 893 perpetuum
428 837 519 894 lucens,
530 852 647 884 mansura
661 853 708 894 per
718 853 817 897 aevum,

190 906 215 952 et
224 904 270 951 tibi
279 904 333 952 sede
342 904 383 960 pia
392 907 488 952 maneat
497 905 563 952 locus
573 906 599 952 et
608 905 655 952 tibi
664 921 750 962 sospes

155 996 180 1031 ⁴0
191 973 273 1020 debita
281 972 357 1020 felicis
367 975 502 1021 remoretur
511 973 563 1020 vita
571 988 616 1029 per
625 989 713 1031 annos,
872 970 891 1009 ⁸⁰

190 1043 270 1098 grata,
280 1041 348 1088 bonis
357 1041 448 1089 lucens.
479 1041 521 1088 sed
530 1056 574 1088 nos
583 1041 616 1089 ad
625 1044 715 1097 coepta
725 1043 846 1092 feramur.

217 1110 305 1166 Igneus
315 1109 434 1157 aetherias
443 1109 492 1157 iem
502 1110 538 1156 sol
547 1111 689 1165 penetrarat
699 1111 727 1158 in
737 1128 819 1171 arces,
908 1175 909 1182 ἵ

192 1177 339 1232 candidaque
348 1180 435 1225 aurato
445 1177 568 1234 quatiebat
578 1177 670 1225 lumina
680 1194 768 1237 curru,

191 1245 296 1294 crinibus
306 1247 331 1293 at
340 1246 414 1293 roseis
424 1246 536 1293 tenebrae
545 1245 643 1293 Aurora
652 1246 757 1303 iugarat
766 1269 772 1295 ι

191 1312 298 1370 propulit
308 1329 321 1360 e
332 1313 433 1360 stabulis
442 1313 474 1360 ad
483 1313 573 1369 pabula
581 1315 641 1361 uota
650 1315 759 1370 capellas

192 1383 275 1438 pastor
284 1383 310 1429 et
318 1381 405 1428 excelsi
414 1381 504 1428 montis
513 1381 571 1438 iuga
581 1397 677 1429 summa
687 1383 788 1440 petivit,

192 1451 277 1498 florida
286 1466 333 1506 qua
342 1450 438 1506 patulos
448 1450 562 1497 velabant
572 1451 683 1508 gramina
693 1452 778 1500 colles.

192 1519 241 1566 iam
251 1518 316 1566 silvis
326 1519 451 1575 dumisque
460 1533 544 1576 vagao,
554 1517 604 1565 iam
613 1518 719 1566 vallibus
730 1519 829 1568 abdunt

193 1601 301 1643 corpora,
312 1585 407 1641 iamque
415 1587 482 1645 omui
491 1586 602 1634 celerose
613 1587 683 1642 parte
693 1590 818 1644 vagantes

158 1679 182 1714 50
192 1654 326 1701 tondebant
335 1656 419 1702 tenero
429 1654 560 1701 viridantia
571 1654 683 1711 gramina
692 1670 787 1704 morsu.

193 1738 295 1778 scrupea
304 1723 410 1769 desertas
420 1723 553 1770 haerebant
562 1722 594 1769 ad
603 1737 663 1769 cava
672 1738 756 1780 rupes,

193 1790 297 1846 pendula
307 1790 418 1846 proiectis
429 1791 563 1846 carpuntur
572 1791 598 1838 et
607 1789 696 1838 arbuta
705 1791 792 1847 ramis,

194 1859 313 1914 densoque
323 1857 436 1915 virgultis
446 1859 515 1906 avide
522 1858 634 1905 labrusca
643 1859 779 1915 petuntur;

193 1927 253 1975 haec
263 1941 377 1981 suspensa
386 1927 452 1982 rapit
462 1928 576 1982 carpente
586 1926 713 1974 cacumina
723 1942 810 1974 morsu

194 1996 232 2044 vel
242 1995 321 2043 salicis
330 1995 410 2042 lentae
420 1995 458 2042 vel
468 2011 528 2051 quae
538 2010 601 2042 nova
613 1995 724 2042 nascitur
734 1995 817 2053 alnus,

194 2065 254 2112 haec
263 2065 359 2111 teneras
368 2062 485 2110 fruticum
496 2065 575 2110 sentes
583 2063 695 2118 rimatur,
706 2064 735 2109 at
744 2063 789 2110 illa

194 2132 296 2180 inminet
307 2132 333 2179 iu
343 2130 389 2177 rivi
399 2132 531 2185 prostantis
541 2130 652 2187 imaginis
662 2130 764 2178 undam.

223 2201 245 2249 Ο
254 2201 318 2249 bona
327 2198 439 2256 pastoris,
447 2198 519 2254 siquis
530 2214 578 2245 non
587 2198 699 2255 pauperis
708 2214 783 2245 usum

194 2272 275 2318 mente
285 2271 351 2326 prius
361 2269 434 2316 docta
440 2267 559 2324 fastidiat,
569 2268 595 2314 et
604 2266 689 2322 probet
698 2266 736 2313 illi

160 2348 185 2386 60
196 2339 288 2386 somnia
297 2337 406 2385 luxuriae
417 2335 503 2391 spretis
512 2334 635 2392 incognita
645 2333 717 2392 curis,

196 2423 257 2463 quae
266 2409 374 2455 lacerant
384 2405 467 2452 avidas
478 2403 553 2450 nimis
562 2403 695 2459 cuppedine
704 2405 802 2450 mentes
811 2428 816 2451 ι

244 2475 251 2524 (
262 2477 314 2526 446)
