1972 3164
439 150 461 189 P.
474 149 595 190 VERGILI
608 150 738 192 MARONIS

278 246 395 294 ‘Postera
403 246 498 304 iamque
508 247 558 295 dies
568 248 646 304 primo
656 247 771 305 surgebat
782 248 844 306 Eoo,

249 316 419 371 umentemque
428 314 525 362 Aurora
534 314 589 371 polo
600 314 733 363 dimoverat
742 315 855 364 umbram
866 338 872 364 ι

203 401 240 440 590
250 399 306 433 eum
316 384 395 432 subito
404 400 418 433 e
428 384 501 442 silvis,
511 384 587 432 maoie
596 383 707 432 eonfeota
716 399 838 442 suprema,

250 452 330 509 ignoti
338 467 401 500 nova
410 451 490 499 forma
498 451 544 499 viri
553 452 737 508 miserandaque
746 452 817 501 cultu

250 520 359 576 procedit
370 520 518 576 supplexque
528 535 614 567 manus
624 520 656 567 ad
663 520 736 567 litora
744 520 834 569 tendit.

250 588 416 644 Respioimus:
431 588 587 636 dirailluvies
596 588 749 644 immissaque
758 588 844 646 barba,

251 658 389 705 consertum
397 657 512 714 tegumen
521 657 605 714 spinis,
616 658 643 704 at
652 659 734 704 oetera
742 656 840 714 Graius,

250 726 276 772 et
285 725 405 780 quondam
415 724 501 780 patriis
510 725 542 773 ad
552 725 651 772 Troiam
660 725 747 772 missus
756 724 782 772 in
792 723 876 773 armis.

250 793 322 849 Isque
332 793 374 840 ubi
383 793 519 840 Dardanios
529 793 627 841 habitus
636 795 661 841 et
672 794 746 841 Troia
754 793 816 840 vidit

250 876 321 909 arma
330 860 422 918 procul,
433 861 532 917 paulum
542 863 643 918 aspecta
651 861 798 910 conterritus
807 860 887 909 haemt

251 929 417 986 eontinuitque
425 930 527 986 gradum
536 949 544 987 ;
559 946 615 978 mox
624 945 675 978 sese
684 931 716 978 ad
725 929 798 978 litora
808 943 924 986 praeceps

252 1013 307 1046 eum
316 997 376 1045 fletu
385 998 542 1054 precibusque
551 998 610 1045 tulit
622 1018 627 1045 ι
642 997 658 1018 “
666 997 715 1046 Per
723 997 804 1045 sidera
812 998 901 1055 testor,

203 1076 240 1115 ⁶00
251 1082 296 1123 per
305 1081 404 1123 superos
414 1068 486 1122 atque
495 1066 541 1114 hoo
550 1065 611 1113 eseli
620 1065 733 1122 spirabile
742 1065 834 1123 lumen,

251 1135 330 1182 tollite
339 1150 386 1191 me,
398 1133 484 1182 Teucri
492 1153 498 1191 ;
512 1149 674 1191 quascumque
683 1134 796 1182 abducite
805 1136 886 1181 terras
894 1152 901 1181 r

251 1204 296 1252 hoe
306 1204 345 1251 sat
354 1203 409 1250 erit.
440 1202 494 1250 Soio
502 1217 541 1250 me
551 1203 644 1249 Danais
653 1217 667 1249 e
675 1201 791 1250 elassibus
799 1217 886 1258 anam,

252 1273 277 1320 et
286 1271 349 1320 bello
358 1271 444 1318 Iliaoos
454 1270 534 1318 fateor
542 1271 638 1327 petiisse
648 1272 756 1327 penates.

252 1342 300 1388 Pro
309 1355 364 1398 quo,
375 1340 395 1387 si
405 1339 500 1386 soeleris
506 1339 578 1386 tanta
586 1341 624 1387 est
633 1339 721 1386 iniuria
730 1337 816 1395 nostri,

252 1408 359 1465 spargite
368 1422 407 1455 me
415 1407 442 1454 in
451 1407 538 1454 fluetus
547 1407 663 1463 vastoque
671 1406 807 1463 immergite
816 1405 900 1461 ponto.

253 1476 280 1523 Si
289 1491 369 1533 pereo,
379 1474 503 1522 hominum
512 1474 623 1522 manibus
633 1474 732 1531 periisse
740 1473 862 1521 iuvabit.’'

252 1545 364 1601 Dixerat,
374 1545 400 1591 et
408 1559 489 1600 genua
498 1542 622 1598 amplexus
632 1543 778 1599 genibusque
788 1540 902 1589 volutans

251 1612 376 1660 haerebat.
406 1611 454 1669 Qui
463 1610 494 1658 sit
504 1610 561 1668 lari,
570 1626 617 1667 quo
626 1610 743 1667 sanguine
753 1610 843 1665 cretus,

252 1681 387 1736 hortamur,
398 1695 459 1736 quae
468 1679 553 1726 deinde
562 1679 639 1735 agitet
648 1678 749 1725 fortuna
757 1677 838 1725 fateri.

205 1759 242 1798 610
253 1749 309 1804 Ipse
319 1749 390 1803 pater
400 1747 511 1794 dextram
520 1746 638 1793 Anchises
648 1746 714 1793 hand
724 1745 803 1792 multa
812 1745 925 1791 moratus

253 1816 296 1863 dat
305 1815 394 1872 iuveni,
402 1816 475 1871 atque
484 1814 592 1862 animum
602 1813 723 1870 praesenti
729 1813 829 1870 pignore
836 1813 929 1859 fimat.

253 1883 299 1930 Ille
308 1883 368 1930 haee
378 1882 487 1938 deposita
495 1883 594 1930 tandem
604 1882 731 1929 formidine
741 1881 825 1928 fatur:

253 1950 269 1973 “
282 1951 340 1997 Sum
350 1949 432 2005 patria
441 1965 471 1997 ex
480 1951 574 2008 Ithaoa,
585 1965 663 1999 eomes
672 1949 774 1996 infelicis
784 1948 860 2006 Ulixi,

253 2018 348 2066 nomine
357 2018 554 2075 Achaemenides,
566 2017 664 2065 Troiam
675 2017 784 2074 genitore
793 2016 931 2064 Adamasto

253 2101 358 2144 paupere
366 2085 547 2143 (mansissetque
557 2086 651 2133 utinam
660 2085 760 2133 fortuna
769 2083 784 2140 l)
795 2084 928 2141 profectus.

254 2156 302 2202 Hie
312 2170 358 2212 me,
369 2155 427 2201 dum
436 2154 525 2210 trepidi
534 2153 641 2202 orudelia
649 2153 733 2200 limina
741 2153 864 2210 linquunt,

252 2223 403 2271 immemores
412 2221 470 2270 socii
478 2223 547 2269 vasto
557 2221 668 2279 Cyclopis
677 2221 703 2268 in
712 2223 783 2268 antro

254 2292 386 2340 deseruere.
416 2290 508 2337 Domus
518 2289 584 2337 sanie
594 2289 741 2346 dapibusque
751 2288 858 2336 cruentis

253 2359 321 2406 intus
330 2374 413 2415 opaea,
424 2357 516 2414 ingens.
546 2357 601 2413 Ipse
611 2357 701 2404 arduus
711 2357 808 2413 altaque
818 2356 901 2413 pulsat

207 2438 244 2476 620
254 2427 333 2474 sidera
343 2427 377 2484 (di
386 2426 460 2474 talem
469 2425 540 2474 terris
550 2425 653 2473 avertite
662 2424 763 2482 pestem)

301 2493 311 2542 (
320 2495 372 2543 182)
