1972 3164
323 189 480 232 AENEIS.V

62 287 209 343 consumpte
217 286 244 334 in
253 288 347 345 ventos,
358 288 425 335 ceelo
434 303 479 336 ceu
489 303 560 346 seepe
568 291 645 338 refixa

61 355 237 402 transcurrunt
246 355 384 413 crinemque
392 356 501 405 volentia
510 359 588 406 sidere
596 359 697 409 ducunt.

62 422 185 472 Attonitis
194 422 292 472 haesere
302 425 388 472 animis
398 440 543 482 superosque
552 428 646 483 precati

14 501 53 541 ⁵³0
63 491 186 540 Trinecnii
195 491 328 549 Teucrique
337 492 392 550 viri,
402 509 447 541 nec
457 493 576 541 meximus
586 510 657 542 omen

62 559 151 608 abnuit
160 560 264 617 Aenees,
274 561 317 609 sed
325 560 417 609 leetum
426 561 552 618 amplexus
562 563 669 611 Acesten

62 627 204 675 muneribus
214 629 322 677 cumulet
332 630 426 687 magnis
436 646 465 678 ec
474 630 535 678 telio
543 630 627 679 futur:

63 695 163 753 ‘Sume¹
174 697 258 754 poten
273 713 331 744 nem
340 700 365 746 te
375 699 452 746 voluit
461 714 504 746 rex
513 714 616 756 mugnus
626 699 726 757 Olympi

60 764 155 812 talibus
164 765 276 821 auspiciis
285 767 406 814 exsortem
415 766 502 814 ducere
511 768 621 816 honores.

61 833 144 889 Ipsius
154 833 275 882 Anchisae
284 834 396 892 longaevi
404 834 449 882 hoc
459 851 547 883 munus
556 836 664 893 habebis,

61 903 160 950 cratere
168 902 313 958 impressum
322 902 405 960 signis,
415 919 486 959 quem
496 904 615 952 Thracius
624 904 682 951 olim

60 970 185 1019 Anchisae
193 970 298 1028 genitori
307 970 333 1017 in
342 986 431 1028 magno
440 987 538 1020 munere
548 972 646 1020 cisscus

60 1039 129 1088 ferre
139 1039 177 1086 sui
185 1040 286 1087 dederet
295 1039 469 1087 monimentum
479 1042 504 1087 et
513 1040 601 1097 pignus
610 1039 719 1088 umoris!

62 1107 105 1155 Sic
115 1106 182 1154 istun
192 1106 268 1164 cingit
276 1107 393 1155 viridanti
402 1109 512 1164 tempore
521 1109 591 1156 lauro

10 1193 51 1232 ⁵40
62 1177 89 1224 et
100 1175 206 1232 primum
215 1177 273 1223 ente
282 1190 364 1222 omnes
373 1175 488 1223 victorem
498 1176 604 1231 appellet
614 1176 728 1223 Acesten.

62 1243 118 1291 Nec
126 1243 203 1291 bonus
213 1242 333 1299 Eurytion
342 1244 453 1299 praelato
462 1243 549 1290 invidit
559 1243 652 1301 honori,

62 1311 174 1368 quemvis
184 1311 248 1359 solus
257 1326 328 1360 evem
338 1311 405 1359 caelo
414 1311 500 1358 deiecit
510 1311 541 1358 eb
550 1311 609 1359 elto.

62 1379 193 1427 Proximus
202 1379 339 1436 ingreditur
348 1380 417 1427 donis
427 1379 468 1435 qui
478 1378 576 1426 vincula
584 1379 660 1436 rupit,

63 1449 188 1497 extremus
197 1447 290 1495 volucri
299 1448 340 1504 qui
350 1448 404 1495 fixit
414 1447 549 1494 harundine
559 1447 660 1495 melum.

91 1517 129 1565 At
137 1517 209 1573 peter
216 1517 312 1564 Aeneas
320 1517 428 1564 nondum
439 1517 570 1564 certamine
581 1516 654 1562 misso

15 1643 18 1650 ι
63 1585 189 1633 custodem
199 1585 230 1632 od
239 1600 289 1634 seeo
299 1586 457 1642 comitemque
466 1585 571 1642 impubis
581 1584 630 1631 Iuli

63 1654 188 1711 Epytiden
197 1656 277 1712 vocet,
288 1656 313 1702 et
322 1654 396 1702 fidem
406 1655 440 1702 sic
449 1654 518 1701 futur
528 1654 559 1701 od
569 1669 652 1701 eurem
664 1673 670 1700 ι

64 1721 149 1770 ‘Vnde
158 1737 203 1781 ege
212 1724 238 1770 et
246 1722 360 1780 Ascanio,
370 1723 391 1770 ei
400 1723 448 1770 iem
459 1722 550 1779 puerile
559 1723 674 1779 peretum

63 1805 153 1847 agmen
162 1790 235 1838 hebet
245 1805 326 1838 secum
336 1806 466 1846 cursusque
475 1790 592 1838 instruxit
601 1805 724 1847 equorum,

10 1876 53 1916 ⁵⁵0
63 1859 139 1907 ducet
148 1874 194 1906 evo
202 1861 297 1906 turmes
307 1860 332 1906 ct
342 1873 393 1906 sese
402 1858 514 1906 ostendet
523 1858 549 1905 in
559 1859 633 1906 ermis

63 1928 112 1976 die'
124 1927 168 1976 cit.
197 1928 254 1984 Ipse
263 1942 358 1975 omnem
367 1927 440 1984 longo
449 1927 568 1975 discedere
578 1928 641 1975 circo

63 1995 175 2044 infusum
184 1995 300 2052 populum
309 1997 335 2043 et
344 2010 441 2051 cempos
451 1996 518 2043 iubet
528 2011 580 2042 esse
590 1997 709 2051 petentes.

65 2064 187 2112 Incedunt
196 2063 274 2121 pueri,
284 2063 422 2120 pariterque
432 2066 489 2110 ente
499 2079 543 2110 ore
552 2064 682 2119 parentum

65 2132 169 2180 frenetis
179 2132 262 2179 lucent
271 2133 297 2179 in
306 2131 381 2188 equis,
389 2147 449 2188 quos
459 2132 536 2178 omnis
545 2132 631 2177 euntes

65 2200 205 2248 Trinacriae
215 2200 305 2247 mirate
312 2199 396 2247 fremit
406 2199 539 2254 Troiamne
547 2198 669 2245 iuventus.

66 2268 185 2317 Omnibus
193 2268 220 2316 in
229 2283 321 2315 morem
329 2269 401 2315 tonse
410 2283 480 2315 come
489 2282 573 2323 presse
583 2280 686 2322 corone3

65 2352 155 2386 cornea
163 2336 220 2384 bine
229 2336 313 2383 ferunt
322 2335 430 2391 praefixa
438 2334 538 2381 hastilia
546 2333 620 2389 ferro,

65 2422 123 2463 pers
133 2405 197 2453 leves
207 2419 290 2452 umero
299 2403 428 2461 pheretres
438 2421 445 2459 3
457 2402 479 2448 it
488 2403 586 2458 pectore
596 2415 690 2449 summo

66 2474 152 2523 flexilis
161 2473 250 2521 obtorti
260 2488 303 2529 per
312 2472 400 2521 collum
410 2470 515 2518 circulus
525 2469 589 2518 euri.

115 2541 186 2590 (227)
380 2548 394 2578 11
404 2553 415 2578 2
