1972 3164
414 156 524 197 seems.
549 159 605 198 VIII

173 249 322 308 Suspioiunt,
336 251 425 298 iterum
442 254 515 308 atque
530 254 621 301 iterum
637 253 722 313 fragor
736 255 846 311 increpat

228 333 315 376 sugens
326 338 332 366 ε

172 401 242 434 arma
250 386 315 435 inter
323 386 412 436 nubem
423 386 483 436 caeli
492 388 591 445 regione
601 404 687 437 serena

172 470 218 512 per
227 456 314 503 sudum
324 457 426 505 rutilare
436 457 519 504 vident
528 458 554 504 et
564 458 636 512 pulsa
645 462 738 506 tonare.

123 535 163 573 530
174 523 326 580 Obstupuere
335 525 421 572 animis
431 525 480 583 alii,
492 525 534 572 sed
544 526 633 573 Troius
642 527 713 573 heros

173 592 273 648 agnovit
282 592 387 639 sonitum
397 595 422 639 et
432 593 501 640 divae
510 594 628 648 promissa
637 595 754 650 parentis.

174 661 237 708 Tum
252 662 371 709 memorat
388 661 441 709 ‘Ne
455 677 521 719 vero,
534 662 630 721 hospes,
645 677 675 711 ne
692 679 783 720 quaere
794 679 847 721 pro·

229 729 302 788 teoto,

173 813 244 854 quem
253 814 336 846 casum
345 799 460 856 portenta
469 798 552 846 ierant
562 821 568 847 ι
583 815 627 857 ego
636 816 721 857 poscor
731 801 844 858 Olympo.

173 866 228 914 Hoo
238 866 333 924 signum
343 867 430 915 oeoinit
440 866 569 914 missuram
580 869 637 915 diva
646 870 761 927 creatrix,

173 934 194 981 si
203 934 293 982 bellum
302 936 437 994 ingrueret,
447 934 612 991 Vulcaniaque
621 953 691 984 arma
700 954 744 993 per
754 953 828 986 auras

172 1002 279 1050 laturam
289 1003 386 1051 auxilio.

174 1072 231 1118 Heu
240 1074 345 1128 quantae
354 1071 447 1119 miseris
458 1073 542 1120 caedes
552 1073 716 1120 Laurentibus
727 1075 820 1121 instant
830 1078 835 1122 !

173 1155 233 1196 quas
243 1156 331 1196 poenas
341 1140 408 1197 mihi,
420 1140 511 1199 Turne,
522 1141 604 1188 dabis!
629 1156 702 1196 quam
712 1143 791 1190 multa
801 1143 845 1190 sub

229 1209 308 1256 undas

174 1279 245 1324 senta
254 1278 333 1326 virum
342 1276 471 1334 galeasque
481 1279 506 1325 et
517 1277 592 1324 fortia
602 1293 703 1333 corpora
712 1279 802 1336 volves,

126 1365 164 1402 540
174 1346 267 1403 'I'hybri
275 1351 358 1404 pater!
376 1349 478 1405 poscent
489 1346 551 1393 acies
561 1347 586 1392 et
596 1344 695 1393 foedera
704 1349 837 1403 rumpant'

204 1416 273 1464 Haeo
282 1416 324 1463 ubi
333 1417 399 1465 diota
409 1416 483 1471 dedit,
492 1414 550 1461 solio
560 1429 585 1461 se
594 1415 660 1462 tollit
670 1416 701 1462 ab
710 1416 762 1463 alto

173 1489 199 1534 et
209 1485 313 1543 primum
324 1485 452 1534 Herculeis
462 1483 552 1539 sopitas
562 1483 659 1539 ignibus
669 1500 725 1532 aras

173 1556 273 1612 excitat,
283 1555 470 1610 hesternumque
479 1555 556 1601 larem
566 1568 699 1609 parvosque
709 1556 809 1609 penates

173 1624 252 1670 laetus
262 1623 313 1670 adit
324 1643 329 1670 ι
343 1625 453 1671 mactant
462 1623 538 1671 leotes
548 1624 577 1670 do
587 1637 653 1669 more
663 1622 772 1670 bidentes

174 1692 304 1739 Evandrus
313 1691 413 1748 parlier,
424 1693 518 1747 pariter
527 1691 635 1738 Troiana
643 1690 766 1739 iuventus.

173 1761 233 1808 Post
243 1760 300 1807 hino
309 1761 342 1807 ad
350 1775 425 1807 naves
434 1761 547 1817 graditur
556 1761 677 1816 sociosque
687 1760 779 1809 revisit.

174 1829 282 1886 Quorum
292 1830 321 1876 de
331 1844 431 1876 numero
440 1829 481 1884 qui
490 1844 540 1876 sese
550 1828 576 1875 in
585 1828 648 1875 bella
657 1831 791 1884 sequantur

174 1899 327 1955 praestantes
336 1897 428 1945 virtute
438 1897 497 1954 legit
507 1916 513 1954 3
529 1913 585 1953 pars
596 1900 676 1945 cetera
685 1913 763 1953 prona

174 1967 254 2014 fertur
263 1981 326 2022 aqua
336 1965 461 2021 segnisque
471 1966 575 2012 seeundo
585 1965 670 2012 defluit
678 1966 753 2022 amni,

126 2052 163 2090 550
174 2036 261 2082 nuntia
270 2035 375 2082 ventura
384 2033 489 2081 Asoanio
498 2049 626 2089 rerumque
636 2033 768 2089 patrisque.

174 2104 274 2151 Dantur
283 2103 339 2158 equi
349 2102 449 2149 Teucris
459 2102 586 2157 Tyrrhena
596 2100 733 2156 potentibus
744 2116 818 2158 arva;

174 2174 266 2220 ducunt
275 2172 395 2218 exsortem
405 2171 510 2226 Aeneae,
521 2185 592 2225 quem
601 2169 671 2215 fulva
679 2167 754 2215 leonis

174 2241 243 2297 pellis
252 2240 302 2286 obit
311 2241 399 2296 totum,
410 2237 566 2295 praefulgens
576 2236 698 2293 unguibus
709 2236 795 2283 aureis.

202 2309 280 2355 Fama
288 2308 355 2355 volat
365 2322 467 2364 parvam
477 2306 558 2352 subito
567 2305 670 2362 vulgata
680 2320 723 2360 per
733 2305 827 2362 urbem,

174 2377 240 2425 ooius
249 2377 284 2424 ire
294 2377 386 2433 equites
397 2375 517 2430 Tyrrheni
527 2373 557 2420 ad
566 2374 652 2420 limina
661 2373 734 2431 regis.

174 2448 240 2495 Vota
248 2446 316 2492 metu
326 2444 451 2501 duplioant
461 2444 560 2498 matres,
571 2442 715 2498 propiusque
725 2441 814 2498 periclo

222 2514 231 2562 (
240 2528 273 2563 311
283 2514 292 2562 )
