1972 3164
438 175 461 215 P.
474 176 594 216 VERGILI
607 177 734 218 MARONIS

247 270 299 327 ipse
308 270 371 328 iugis
381 272 472 328 cynthi
480 273 600 330 graditur,
611 274 722 329 mollique
732 273 845 322 fluentem

248 338 335 386 fronde
344 339 433 395 premit
442 338 533 387 crinem
540 339 633 397 fingens
640 342 712 396 atque
722 341 830 396 implicat
836 357 904 401 auro,

215 457 219 471 ἱ
248 407 300 454 tela
310 408 399 454 sonant
407 407 510 455 umeris:
524 407 640 455 handillo
650 408 745 465 segnior
753 409 806 457 ibat

204 476 241 524 130
250 476 355 531 Aeneae,
365 477 462 522 tantum
472 476 569 534 egregio
578 476 651 524 decus
660 477 737 524 enitet
745 492 796 526 ore.

251 543 383 598 Postquam
388 542 584 590 altceventnmin
591 546 684 592 montes
691 545 924 603 atqueinrialustra,

250 626 305 659 ecce
314 611 380 658 ferae
389 611 441 659 saxi
450 611 556 659 deiectae
565 612 656 660 vertice
666 628 754 669 caprae

251 679 378 726 decurrere
387 679 463 736 iugi„
478 679 526 727 alia
535 680 565 727 de
574 682 645 735 parte
655 684 767 737 patenter

249 747 423 795 transmittunt
432 763 506 796 cursu
514 764 611 804 campos
621 750 694 805 atqne
703 750 801 806 agmina
809 748 874 798 cervi

250 815 420 872 pulverulenta
442 815 503 873 fuga
524 817 661 876 glomerant
687 819 827 874 montesque
853 817 940 875 relin-¹

307 886 393 939 qnnnt.

251 953 286 999 At
296 968 356 1008 puer
365 952 485 1000 Ascanius
494 953 578 1002 mediis
588 954 614 1000 in
623 953 725 1001 vallibus
735 953 786 1001 acri

250 1020 341 1077 gaudet
350 1035 419 1078 equo,
429 1020 526 1077 iamque
535 1021 578 1070 hoe
586 1037 667 1079 curru,
677 1022 726 1068 iam
736 1021 853 1077 praeterit
862 1020 924 1079 illos,

251 1091 450 1145 spumantemque
460 1090 514 1136 dari
523 1105 610 1146 pecora
619 1090 684 1137 inter
692 1089 781 1136 inertia
789 1089 854 1136 votis

251 1158 322 1214 optat
331 1173 426 1215 aprum,
433 1161 477 1205 aut
484 1158 579 1206 fulvum
589 1158 731 1206 descendere
736 1157 925 1205 monteleonem.

206 1229 242 1268 160
281 1227 377 1273 Interea
382 1241 474 1282 magno
483 1226 577 1274 misceri
587 1240 709 1273 murmure
719 1225 812 1272 caelum

227 1338 229 1343 .
251 1294 346 1351 incipit,
356 1293 490 1350 insequitur
499 1295 630 1342 commixta
637 1291 754 1352 grandine
764 1292 860 1340 nimbus
870 1313 876 1340 ι

252 1364 277 1410 et
287 1362 355 1419 'l'yrii
364 1363 462 1410 comiter
471 1363 596 1418 pessimat
606 1363 712 1410 holana
719 1361 834 1408 iuventus

253 1431 436 1487 Dardaniusque
445 1446 519 1487 nepos
528 1431 630 1480 Veneria
639 1431 734 1478 diversa
742 1445 786 1486 per
794 1443 866 1486 agnus

251 1501 319 1547 tecta
328 1501 396 1547 metu
404 1499 509 1556 petiere3
523 1502 599 1547 ruunt
609 1500 639 1547 de
649 1498 770 1546 montibus
780 1512 871 1545 amnes.

253 1568 397 1624 Speluncam
407 1567 471 1615 Dido
480 1568 530 1614 dux
538 1570 564 1615 et
574 1567 693 1615 Troianus
702 1567 803 1615 eandem

252 1637 391 1684 deveniunt.
421 1636 504 1683 Prima
512 1637 538 1684 et
547 1635 629 1683 Tellus
639 1637 664 1682 et
673 1634 784 1691 pronuba
790 1633 853 1681 Iuno

253 1705 313 1752 dunt
323 1705 418 1761 signum
428 1724 434 1752 :
449 1703 539 1752 fulsere
548 1704 616 1762 ignes
625 1705 651 1751 et
660 1702 769 1751 conscius
778 1701 864 1748 aether

253 1772 369 1828 conubiis,
380 1787 519 1828 summoque
528 1771 655 1819 ulularunt
664 1771 754 1818 vertice
763 1769 900 1826 Nymphae.

253 1840 298 1887 1110
308 1841 358 1888 dies
368 1841 460 1896 primus
469 1840 513 1887 leti
522 1840 660 1897 primusque
669 1839 788 1886 melorum

207 1929 244 1966 170
254 1923 327 1955 cauea
335 1908 392 1956 fuit.
422 1909 506 1964 Neque
515 1909 579 1956 enim
588 1908 665 1964 specie
674 1907 771 1954 famave
780 1905 899 1962 movetur,

253 1992 298 2024 nec
307 1977 355 2024 iam
365 1976 484 2023 furtivum
494 1976 558 2023 Dido
567 1976 700 2023 meditetur
709 1990 828 2022 amorem:

254 2045 390 2102 coniugium
399 2047 479 2102 vocat,
489 2044 534 2092 hcc
544 2043 664 2099 praetexit
673 2043 770 2090 nomine
777 2042 882 2097 culpam.

282 2113 410 2169 Extemplo
420 2113 511 2169 Libyae
521 2116 621 2169 magnae
630 2111 651 2158 it
661 2111 739 2158 Fama
748 2126 792 2166 per
800 2109 880 2167 urbes,

253 2183 339 2239 Fama,
350 2181 440 2229 melum
450 2196 497 2236 qua
506 2196 555 2227 non
564 2176 744 2227 aliudvelccius
754 2178 843 2225 ullum:

254 2251 388 2298 mobilitate
397 2249 471 2306 viget,
481 2249 591 2304 viresque
598 2248 702 2309 acquirit
712 2247 798 2304 eundo,

255 2335 331 2375 parve
339 2320 406 2365 metu
416 2316 501 2373 primo,
512 2332 568 2363 mcx
578 2330 629 2364 eeee
638 2315 730 2362 attollit
739 2315 765 2361 in
772 2329 845 2361 auras

254 2387 435 2443 ingrediturque
445 2384 494 2432 eolo
503 2386 529 2431 et
538 2385 612 2440 caput
621 2383 687 2431 inter
695 2383 779 2431 nubila
788 2381 878 2430 condit.

256 2455 328 2502 Illam
338 2454 415 2502 'l'erra
424 2467 519 2510 parens,
530 2453 568 2499 ira
576 2452 675 2499 irritata
684 2453 792 2508 deorum,

304 2522 312 2570 l
322 2521 374 2569 192)
423 2558 426 2564 .
