1972 3164
444 173 468 213 P.
481 173 601 216 VERGILI
614 175 744 218 MARONIS

254 265 386 316 Ascanium
397 270 536 327 surgentem
547 270 572 317 et
582 284 635 326 spes
645 269 739 318 heredis
753 274 802 321 Iuli

254 338 354 395 respice,
364 339 403 386 cui
412 355 514 396 regnum
524 339 612 386 Italiae
622 339 781 395 Romanaque
790 338 865 388 tellus

255 405 392 455 debentur.'
421 408 476 454 'l'eli
485 407 607 463 Cyllenius
616 423 658 456 cre
670 409 767 456 locutus

256 475 370 522 mortales
379 475 444 522 visus
454 476 532 523 medio
540 491 650 524 sermone
657 476 765 534 reliquit,

255 544 281 590 et
290 543 374 598 procul
382 544 408 591 in
417 546 516 591 tenuem
525 558 555 591 ex
564 545 640 592 oculis
649 545 750 592 evanuit
759 561 854 593 auram.

284 612 320 658 At
329 626 385 658 vero
394 612 489 660 Aeneas
498 614 599 669 espectu
606 612 729 661 obmutuit
738 629 831 671 amens,

208 685 246 723 280
256 682 411 735 arrectaeque
420 679 520 728 horrore
528 696 619 740 comae,
628 683 654 728 et
663 696 710 728 vox
723 681 836 730 faucibus
846 680 933 731 haesit.

256 747 334 794 Ardet
343 747 409 794 abire
418 748 479 805 fuga
487 749 615 805 dulcesque
627 749 762 804 relinquere
772 751 862 807 terras,

255 815 375 862 attonitus
384 817 455 863 tante
464 816 559 864 monitu
567 816 714 873 imperioque
724 817 835 865 deorum.

256 884 314 930 Heu
322 883 379 939 quid
385 885 459 940 agat?
468 900 516 940 quo
521 901 586 933 nunc
592 884 703 943 reginam
711 885 803 932 ambire
811 884 936 933 furentem

256 952 345 999 audeat
354 952 449 1000 affatu?
463 968 525 1008 quea
534 954 614 1011 prima
622 953 722 1000 exordia
731 954 829 1000 sumat?

256 1022 329 1076 utque
335 1020 444 1066 auimmn
450 1020 570 1069 uuuchuc
580 1021 690 1078 celerem,
699 1036 765 1068 nunc
775 1020 862 1068 dividit
869 1019 936 1077 illuc,

256 1087 282 1135 iu
291 1089 419 1145 partesque
428 1088 496 1144 rapit
505 1089 586 1136 varias
598 1104 687 1145 perque
696 1088 779 1136 omnia
787 1091 878 1136 versat.

256 1156 316 1204 haec
325 1155 459 1203 alternanti
468 1157 549 1212 potior
559 1158 680 1205 sententia
685 1157 738 1204 visa
747 1160 794 1206 est.

256 1224 387 1272 Mnesthea
390 1225 577 1282 Sergestumque
581 1227 651 1274 vocat
658 1226 794 1281 fortemque
802 1225 928 1273 Serestum

257 1294 358 1367 classem
368 1296 454 1350 aptent
463 1294 534 1342 taciti
542 1293 663 1350 sociosque
673 1294 704 1341 ad
713 1294 787 1341 litera
796 1295 894 1350 cogant,

209 1378 247 1415 290
258 1377 327 1409 arma
336 1364 424 1418 parent
433 1364 467 1420 et,
477 1377 539 1418 quae
548 1362 620 1410 rebus
631 1362 663 1410 sit
673 1377 747 1410 causa
759 1361 886 1418 novandis,

258 1430 423 1487 dissimulent;
438 1445 489 1478 sese
498 1430 599 1487 interea,
609 1429 704 1486 quando
714 1429 807 1487 optima
816 1429 881 1476 Dide

256 1498 349 1546 nesciat
358 1500 384 1546 et
392 1499 475 1546 tantos
484 1498 566 1554 rumpi
574 1513 623 1546 nou
633 1499 715 1555 speret
724 1512 827 1554 amores,

256 1567 435 1622 temptaturum
444 1567 525 1614 aditus
534 1568 560 1614 et
569 1582 630 1622 quae
640 1566 782 1614 mollissime
790 1564 860 1613 fandi

256 1636 375 1691 tempora,
385 1635 440 1690 quie
449 1634 521 1682 rebus
529 1634 614 1682 dexter
623 1635 715 1682 modus.
746 1633 820 1682 Ocius
829 1645 914 1682 omnes

255 1701 358 1758 imperio
366 1702 425 1749 laeti
435 1703 524 1758 parent
533 1717 562 1750 ac
571 1701 638 1749 iussa
646 1702 779 1750 iacessunt.

284 1769 320 1816 At
329 1770 414 1825 regina
423 1770 489 1817 dolos
499 1769 563 1827 (quis
571 1769 656 1818 fallere
665 1770 742 1828 possit
752 1769 901 1826 amantemt)

255 1837 390 1895 praesensit
400 1839 527 1894 motusque
536 1838 631 1896 excepit
639 1839 719 1898 prima
729 1839 835 1896 futuros,

255 1906 337 1954 omnia
343 1906 400 1952 tuta
408 1905 505 1954 timens.
535 1906 629 1956 Eadem
637 1906 713 1966 impia
722 1907 800 1955 Fama
812 1905 908 1954 furenti

256 1975 345 2025 detulit
355 1975 445 2022 armari
454 1975 556 2024 classem
566 1992 711 2034 cursumque
720 1975 810 2034 parari.

209 2063 248 2102 300
258 2044 341 2092 Saevit
350 2043 419 2100 inope
428 2044 503 2091 animi
511 2046 636 2101 totamque
645 2045 745 2094 incensa
754 2059 797 2100 per
806 2041 891 2091 urbem
974 2045 978 2051 '

257 2112 399 2169 bacchatur,
409 2112 486 2168 qualis
496 2114 621 2160 commotis
631 2113 711 2161 excita
720 2112 795 2160 sacris

258 2181 356 2239 Thyias,
366 2179 409 2228 ubi
417 2181 501 2228 audito
510 2180 638 2228 stimulant
647 2180 771 2228 trieterica
779 2179 878 2228 Baccho

256 2251 326 2309 orgia
335 2251 514 2305 nocturnusque
524 2250 594 2297 vocat
605 2250 710 2298 clamore
718 2248 859 2298 Cithaeron.

257 2320 366 2368 Tandem
375 2319 414 2366 his
422 2319 522 2366 Aenean
531 2318 661 2374 compellat
670 2317 770 2367 vecibus
780 2318 860 2364 ultro:

287 2386 460 2435 ‘Dissimulare
469 2386 543 2434 etiam
552 2387 664 2445 sperasti,
675 2385 774 2444 perfide,
784 2385 884 2432 tentum

258 2469 327 2510 posse
336 2455 404 2502 nefas
414 2455 549 2511 tacitusque
559 2471 614 2503 mea
623 2455 736 2501 decedere
745 2454 828 2500 terra?

306 2523 315 2571 (
324 2523 375 2573 ι96)
