1972 3164
368 180 390 218 Ρ.
403 179 523 220 VERGILI
537 180 666 221 MARONIS

133 295 170 330 240
181 275 312 323 dissultant
321 276 389 333 ripae
398 277 526 334 refluitque
535 279 669 326 exterritas
678 281 769 328 amnis.

180 345 216 392 At
226 360 310 402 specus
319 346 344 392 et
355 346 412 394 Coei
421 347 518 395 detecta
527 347 643 404 apparuit
651 347 741 404 iugens

181 414 257 473 regia,
266 417 291 462 et
301 413 428 462 umbrosae
438 413 535 472 penitus
545 417 647 471 patuere
657 431 778 466 cavense
788 438 795 466 r

180 497 230 530 nou
239 498 308 531 secus
317 498 346 531 ao
355 483 376 530 si
385 499 433 539 qua
442 482 540 540 penitus
550 483 576 531 vi
584 486 654 532 terra
663 485 792 536 dehiaoens

179 551 289 599 infernas
298 553 389 600 reseret
399 553 467 600 sedes
476 554 502 601 et
511 567 588 610 regna
597 554 711 602 recludat

180 620 279 678 pallida,
290 621 326 668 dis
335 621 423 679 invisa,
433 636 552 678 superque
561 622 668 672 immane
678 623 825 672 barathrum

180 692 303 748 cernatur,
314 690 437 746 trepident
446 689 554 738 immisso
563 691 655 740 lumine
665 693 764 742 Manes.

181 758 248 815 Ergo
256 758 381 815 insperata
389 759 534 815 deprensum
544 759 598 808 luoe
608 763 712 817 repente

180 826 347 884 inclusumque
357 843 416 876 cavo
426 843 483 876 saxo
492 829 567 885 atque
576 827 676 877 insueta
684 831 816 878 rudentem

182 895 285 951 desuper
294 896 392 945 Alcides
401 897 457 945 telis
466 897 567 954 premit,
578 898 708 955 omniaque
717 913 792 946 arma

135 985 172 1020 250
182 964 285 1012 advocat
294 964 403 1013 et‘ramis
412 966 534 1023 vastisque
545 966 678 1014 molaribus
687 967 776 1016 instat.

182 1033 227 1080 Ille
238 1034 411 1091 antemnaque
421 1035 485 1083 enim
494 1034 555 1093 fuga
563 1035 613 1083 iam
623 1051 698 1092 super
706 1035 760 1084 ulla
767 1035 855 1097 pericli,

182 1101 293 1150 faucibus
302 1102 426 1159 ingentem
435 1103 531 1152 fumum
541 1104 661 1168 (mirabile
670 1105 751 1162 dictu)

182 1170 272 1218 evomit
281 1171 430 1228 involvimus
440 1171 538 1221 domum
548 1172 651 1229 ealigine
660 1189 744 1231 oaeoa,

182 1243 338 1297 prospectum
347 1241 451 1298 eripiens
461 1241 544 1299 oeulis,
555 1242 722 1299 glomeramus
732 1243 780 1289 sub
789 1243 856 1290 antro

181 1308 322 1357 fumiferam
332 1312 429 1358 nootem
439 1309 574 1359 oommixtis
583 1311 640 1369 igue
650 1309 770 1358 tenebris.

182 1378 239 1425 Nou
248 1379 307 1425 tulit
316 1379 414 1427 Alcides
424 1379 520 1438 animis,
530 1395 602 1436 seque
610 1379 663 1435 ipse
672 1394 718 1435 per
726 1380 810 1437 iguem

182 1447 309 1503 praecipiti
317 1447 375 1496 iecit
385 1448 459 1506 saltu,
467 1464 515 1505 qua
524 1448 644 1504 plurimus
654 1448 749 1495 undam

182 1513 264 1562 fumus
275 1515 327 1573 agit
337 1515 471 1572 habuimus
480 1516 566 1573 iugens
577 1532 661 1573 specus
671 1517 772 1564 aestuat
781 1517 843 1563 atra.

183 1582 232 1630 Hie
243 1583 333 1631 Carum
342 1584 369 1631 in
378 1585 486 1632 tenebris
496 1584 608 1632 iuoeudia
616 1600 682 1632 rana
691 1585 831 1632 vomentem

135 1657 172 1694 260
184 1651 284 1708 corripit
293 1653 319 1699 in
328 1654 419 1700 nodum
428 1654 575 1711 complexus,
585 1655 611 1702 et
621 1653 691 1710 augit
700 1654 830 1702 inhaerens

183 1721 253 1769 elisos
263 1720 344 1769 oeulos
355 1723 379 1769 et
389 1721 479 1770 siceum
490 1722 607 1780 sanguiue
616 1723 714 1779 guttur.

184 1790 305 1837 Panditur
314 1790 436 1847 extemplo
445 1790 537 1839 foribus
547 1792 633 1839 domus
643 1793 700 1838 atra
708 1789 822 1848 revulsis,

184 1856 366 1910 abstractaeque
376 1856 448 1903 boves
457 1857 629 1912 abiurataeque
639 1856 741 1912 rapinae

184 1925 249 1972 oaelo
259 1924 429 1982 ostenduntur,
440 1925 588 1981 pedibusque
597 1925 702 1972 informe
712 1924 818 1971 cadaver

183 1993 342 2050 protrahitur.
373 1994 503 2050 Nequeunt
513 1993 605 2049 expleri
615 1993 688 2040 eorda
697 1993 792 2039 tuendo

183 2062 302 2110 terribiles
312 2063 402 2119 oeulos,
412 2063 509 2109 vultum
517 2062 649 2118 villosaque
659 2060 718 2109 setis

183 2134 282 2189 pectora
293 2132 398 2179 semiferi
408 2133 480 2187 atque
491 2132 622 2179 exstinctos
630 2130 742 2178 faucibus
752 2129 830 2186 ignes.

184 2203 223 2248 Ex
232 2201 274 2248 illo
284 2200 419 2248 celebratus
425 2201 508 2257 honos,
519 2201 624 2256 laetique
633 2199 738 2246 minores

184 2286 309 2319 servavere
320 2271 391 2326 diem,
402 2269 540 2326 primusque
551 2268 656 2316 Potitius
667 2270 754 2315 auetor

135 2362 173 2398 270
184 2343 209 2388 et
219 2341 303 2387 domus
314 2338 429 2386 Herculei
440 2341 520 2386 eustos
534 2337 635 2386 Pinaria
645 2337 718 2386 seori.

184 2411 256 2458 Hane
266 2425 334 2457 aram
344 2410 398 2456 lueo
408 2409 504 2467 statuit,
516 2424 576 2464 quae
586 2407 693 2455 maxima
703 2423 799 2464 semper

183 2479 277 2527 dicetur
286 2479 354 2527 uobis
364 2480 389 2526 et
399 2479 446 2527 erit
456 2493 517 2533 quae
527 2478 634 2526 maxima
644 2492 748 2532 semper.

231 2547 302 2599 (30²)
