1972 3164
428 145 547 186 AENEIS„
563 145 583 185 V

168 237 321 296 ferratasque
330 237 413 288 trudes
423 240 448 288 et
458 242 531 289 acuta
540 240 637 298 cuspide
648 242 730 290 contos

169 309 301 366 expediunt
310 309 447 366 tractosque
457 309 543 367 legunt
552 310 578 357 in
588 312 685 369 gurgite
693 327 779 360 remos.

122 399 161 426 πο
169 377 206 425 At
213 377 292 425 laetus
302 378 444 425 Mnestheus
454 393 611 435 successuque
621 380 699 427 aerior
707 380 761 437 ipso

169 447 266 502 agmine
276 462 397 494 remorum
407 447 478 494 celeri
486 448 612 504 ventisque
621 449 713 496 vocatis

169 531 246 572 prona
255 515 317 571 petit
326 516 404 563 maria
412 517 438 563 et
448 516 533 573 pelago
543 517 650 564 decurrit
660 519 754 573 aperto.

169 583 254 640 Qualis
262 583 376 640 spelunca
385 584 465 632 subito
474 586 594 632 commota
604 585 723 644 columba,

169 651 210 699 cui
218 652 304 699 domus
310 653 335 700 et
344 652 426 700 dulces
433 652 554 700 latebroso
562 653 588 700 in
598 654 692 709 pumice
699 655 757 712 nidi,

168 720 250 767 fertur
258 721 285 766 in
294 736 354 768 arva
363 720 448 768 volans
457 720 615 777 plausumque
624 723 740 770 exterrita
749 724 836 780 pennis

169 789 213 836 dat
222 790 288 836 tecto
293 788 425 846 ingentem,
435 804 492 836 mox
501 792 555 837 sere
564 790 633 846 lapsa
642 791 722 846 quieto

168 857 235 904 radit
245 857 293 904 iter
302 857 419 913 liquidum
429 857 517 905 celeres
526 873 603 914 neque
613 862 745 908 commovet
754 862 806 909 alas
816 882 822 909 ε

168 925 205 974 sic
214 926 366 983 Mnestheus,
377 926 411 974 sio
420 926 474 982 ipsa
482 926 543 984 fuga
552 928 618 974 secet
627 927 714 975 ultima
724 918 820 976 Pristis

169 1008 283 1051 aequora,
295 994 329 1042 sic
337 994 405 1041 illum
414 994 464 1042 fert
471 994 576 1051 impetus
585 995 636 1051 ipse
648 997 780 1045 voluntem.

122 1086 160 1113 m
170 1062 207 1110 Et
218 1062 323 1118 primum
331 1062 358 1109 in
367 1063 465 1119 scopulo
473 1063 608 1111 luctantem
618 1065 706 1112 deserit
715 1065 766 1113 ulto

170 1133 313 1188 Sergestum
322 1131 481 1187 brevibusque
490 1133 558 1180 uadis
568 1133 707 1188 frustraque
717 1136 843 1181 vocantem

169 1200 262 1248 auxilia
271 1202 296 1247 et
305 1199 391 1248 fractis
401 1201 532 1248 discentem
542 1217 639 1249 currere
644 1201 725 1248 remis.

151 1311 155 1317 .
169 1268 232 1316 Inde
243 1269 312 1324 Gyan
321 1269 445 1325 ipsamque
453 1269 549 1328 ingenti
558 1269 620 1316 mole
630 1269 783 1316 Chimaeram

169 1337 340 1393 consequitur:
354 1338 425 1395 cedit,
436 1338 549 1394 quoniam
558 1338 662 1394 spoliata
673 1338 789 1394 magistro
798 1340 843 1386 est.

170 1405 243 1453 Solus
252 1406 347 1462 iamque
356 1406 409 1462 ipso
418 1409 529 1464 superest
538 1407 564 1453 iu
574 1407 621 1453 fine
631 1405 774 1462 Cloanthus,

169 1489 243 1530 quem
252 1475 314 1530 petit
324 1476 349 1522 et
358 1475 458 1523 summis
467 1476 571 1523 annixus
580 1475 671 1522 viribus
680 1476 760 1532 urget.

170 1544 236 1591 'l'um
246 1559 304 1592 vero
313 1544 449 1601 ingeminat
459 1545 558 1602 clamor,
570 1544 697 1599 cunctique
707 1545 845 1599 sequentem

170 1611 292 1670 instigant
302 1613 396 1670 studiis,
406 1617 549 1670 resonatque
558 1613 694 1670 fragoribus
704 1612 795 1661 aether.

172 1681 209 1728 Hi
218 1682 343 1738 proprium
349 1681 422 1730 decus
429 1685 454 1730 et
460 1685 557 1738 partum
563 1683 723 1739 indignantur
729 1682 844 1730 honorem

122 1773 161 1810 ῳ
171 1752 199 1798 ιιὶ
208 1751 316 1808 teneant,
326 1750 449 1806 vitamque
458 1750 544 1798 volunt
552 1767 596 1806 pro
605 1751 676 1799 leude
685 1752 774 1808 pacisci
782 1771 789 1809 3

171 1819 217 1866 hos
227 1834 350 1867 successus
360 1820 419 1867 ulit:
434 1822 544 1877 possunt,
555 1820 611 1875 quia
619 1836 688 1876 posse
697 1821 819 1867 videntur.

170 1889 208 1936 Ile
217 1887 270 1936 fors
277 1889 386 1944 aequatis
393 1889 511 1945 cepissent
518 1889 624 1944 praemia
633 1889 727 1946 rostris,

168 1957 198 2007 ni
207 1957 301 2014 palmas
310 1958 385 2012 ponto
393 1956 495 2004 tendens
504 1959 619 2013 utrasque
628 1957 760 2004 Cloanthus

170 2026 322 2081 fudissetque
331 2040 414 2081 preces
424 2024 536 2081 divosque
545 2025 571 2072 in
580 2027 638 2072 vota
647 2026 763 2071 vocasset.

172 2094 230 2151 ‘Di,
241 2093 326 2148 quihus
339 2093 467 2149 imperium
480 2095 517 2141 est
529 2093 616 2150 pelagi,
627 2107 729 2149 quorum
742 2107 845 2147 aequora

229 2175 309 2218 curro,

171 2230 240 2280 vobis
249 2229 329 2277 laetus
339 2245 383 2286 ego
392 2229 437 2277 hoc
447 2229 589 2277 candentem
599 2229 624 2275 in
634 2229 703 2275 litore
713 2230 815 2274 taurum

170 2299 321 2349 constituam
330 2299 387 2346 ante
397 2314 461 2355 aras,
471 2299 522 2345 voti
531 2313 595 2354 reus,
606 2300 708 2351 extaque
718 2295 792 2343 salsos

171 2368 289 2428 proiciam
298 2367 325 2414 in
332 2367 421 2414 fluctus
430 2368 456 2414 et
464 2367 522 2413 uina
531 2366 648 2421 liquentia
657 2364 774 2412 uncam!

344 2456 380 2487 w.
401 2451 525 2494 ‘porriciam'
531 2450 575 2485 sdd.
582 2449 675 2492 plerique.

220 2510 229 2557 (
239 2520 274 2556 217
283 2506 292 2555 )
