1972 3164
429 178 452 217 P.
466 179 586 219 VERGILI
599 179 728 221 MARONIS

238 274 321 322 Morte
330 275 483 332 Neoptolemi
490 292 618 334 regnorum
628 280 723 327 reddita
732 281 804 328 cessit

238 358 296 399 pars
306 344 409 401 Heleno,
419 345 461 400 qni
470 345 589 393 Chaonios
599 346 738 403 cognomine
748 363 845 405 campos

238 411 417 468 Chaoniamque
426 427 521 460 omnem
531 413 636 461 Troiano
645 429 661 461 a
670 415 767 463 Chaone
777 416 848 475 dixit,

239 479 404 536 Pergamaque
413 480 559 537 Iliacamque
568 481 631 538 iugis
640 482 703 530 banc
713 483 807 531 addidit
817 501 905 535 arcem.

239 547 287 595 Sed
296 548 341 595 tibi
351 549 392 604 qui
401 564 499 597 cursum
508 550 584 607 venti,
595 565 656 606 quae
666 550 720 598 fata
729 553 833 600 dedere?

238 618 283 663 aut
296 616 407 672 quisnam
415 617 527 674 ignarum
537 619 627 666 nostris
637 620 696 667 deus
706 621 801 677 appulit
811 621 875 670 oris?

238 683 296 740 quid
305 699 367 740 puer
375 684 509 732 Ascanius?
524 688 652 743 superatne
662 689 804 736 1111111111
812 692 889 738 aura?

189 770 227 807 340
239 766 310 808 quem
319 751 364 798 tibi
373 751 422 800 iam
432 753 534 801 Troia-

239 821 323 876 Ecqua
331 823 415 868 tamen
424 837 499 878 puero
509 825 547 871 est
556 823 658 872 amissae
668 841 727 873 eura
736 825 862 882 parentis?

239 889 333 944 Ecquid
342 890 368 936 in
378 891 503 947 antiquam
512 892 628 940 virtutem
638 893 777 950 animosque
786 895 867 941 viriles

239 958 265 1004 11
274 959 343 1013 pater
352 958 447 1007 Aeneas
457 961 481 1006 et
491 961 625 1008 111111111
635 962 726 1009 excitat
735 963 830 1010 Hector
836 965 847 1010 1
854 962 870 982 ”

238 1025 309 1072 Talia
317 1025 436 1074 fundebat
444 1027 574 1074 lacrimam
584 1028 713 1085 longosque
722 1030 802 1077 ciebat

237 1093 359 1142 ineassum
369 1094 448 1152 fietus,
459 1111 515 1142 cum
524 1111 575 1144 sese
585 1112 600 1144 a
608 1098 732 1144 moenibus
741 1098 813 1145 beros

239 1162 372 1211 Priamides
382 1163 465 1210 multis
475 1164 583 1212 Helenus
593 1165 764 1213 comitantibus
773 1166 855 1224 affert,

239 1232 394 1289 agnoscimus
403 1248 458 1279 suos
468 1232 593 1288 laetusque
602 1233 633 1279 ad
643 1233 727 1279 limina
736 1233 811 1291 ducit,

239 1301 266 1346 et
275 1301 380 1347 multum
389 1300 501 1348 11111111
511 1300 585 1347 verba
594 1300 660 1348 inter
668 1301 765 1358 singula
774 1301 865 1348 tundit.

240 1368 355 1426 Procedo,
366 1371 391 1416 et
401 1384 502 1424 parvam
512 1369 610 1416 Troiam
620 1369 783 1426 simulataque
793 1370 889 1426 magnis
924 1397 926 1400 <

191 1458 228 1496 350
241 1437 363 1494 Pergama
372 1439 397 1485 et
407 1439 516 1485 arentem
526 1437 620 1484 Xanthi
629 1437 771 1494 cognomine
780 1438 862 1485 rivum

239 1520 351 1563 agnosco,
363 1505 496 1561 Scaeaeque
506 1505 638 1561 amplector
647 1505 731 1552 limina
738 1507 832 1560 portas.

240 1573 349 1622 Necnon
358 1576 383 1622 et
394 1573 480 1621 Teucri
489 1573 553 1621 socia
562 1572 634 1620 simul
644 1572 704 1620 urbe
712 1573 840 1621 fruuntur.

239 1641 298 1688 Illos
308 1642 439 1697 porticibus
448 1657 492 1688 rex
501 1640 633 1697 accipiebat
642 1640 668 1686 in
677 1639 764 1696 amplis
773 1660 778 1687 ι

239 1709 304 1757 aulai
314 1710 391 1757 medio
399 1710 509 1757 libabant
519 1709 606 1765 poeula
614 1708 707 1756 Bacchi

238 1777 356 1834 impositis
367 1793 426 1826 auro
436 1778 537 1834 dapibus
547 1780 690 1833 paterasque
700 1776 825 1824 tenebant.

267 1847 367 1903 Iamque
377 1847 428 1894 dies
437 1847 546 1902 alterque
556 1846 607 1893 dies
616 1846 740 1902 processit,
751 1846 777 1892 et
786 1859 861 1892 aurae

239 1914 294 1962 1111
303 1917 392 1963 111111
400 1914 539 1971 tumidoque
548 1913 650 1961 inflatur
660 1914 774 1962 carbasus
783 1913 877 1961 Austro
886 1933 892 1960 ε

239 1982 277 2029 his
287 1985 368 2030 vatem
378 1983 506 2040 aggredior
515 1982 585 2030 dictis
596 1997 625 2030 ae
637 1981 699 2029 talia
708 1997 809 2038 quaeso:

241 2050 257 2073 “
264 2051 409 2108 Troiugena,
418 2051 538 2106 interpres
548 2050 638 2107 divum,
649 2050 691 2106 qui
700 2051 800 2097 numina
809 2049 909 2107 Phoebi,

192 2129 229 2178 360
240 2119 281 2176 qui
290 2120 407 2176 tripodas,
418 2119 494 2166 Clarii
503 2119 595 2176 laurus,
606 2118 647 2175 qui
657 2119 736 2166 sidera
745 2119 818 2165 sentis

240 2189 266 2235 et
275 2188 399 2236 volucrum
409 2188 504 2244 linguas
514 2189 539 2234 et
548 2187 669 2243 praepetis
679 2187 760 2234 omina
769 2202 871 2243 pennae,

239 2255 293 2305 fare
312 2273 356 2314 age
376 2258 486 2314 (namque
501 2271 595 2302 omnem
613 2271 711 2302 cursum
728 2255 786 2302 mihi
802 2269 918 2312 prospera

296 2325 357 2372 dixit

240 2392 331 2451 religio,
342 2396 367 2442 et
376 2391 458 2440 cuncti
468 2392 597 2439 suaserunt
606 2391 704 2439 numine
714 2391 764 2438 divi

410 2481 446 2516 340.
468 2476 583 2519 'quaetlbi'
592 2476 635 2512 edd.
643 2476 742 2512 nonnulli.

288 2529 357 2579 (174)
