1972 3164
409 167 559 208 Bucomcl„
585 166 616 205 VI

149 306 153 311 .
172 264 259 323 Aegle,
269 264 393 312 Naiadum
403 264 574 320 pulcherrima,
585 264 680 319 iamque
690 264 782 310 videnti

108 362 113 379 .
174 333 315 392 sanguineis
325 333 432 381 frontem
442 333 514 380 moris
524 334 549 380 et
559 334 669 388 tempora
678 332 765 388 pingit.

173 403 220 452 Ille
230 403 313 450 dolum
322 401 403 449 ridens
413 401 481 458 ‘Quo
491 401 589 448 vinculo
598 400 695 447 nectitis
701 400 724 446 θ’
741 400 827 456 iuquit.

173 471 282 520 ‘Solvite
292 486 338 527 me,
349 471 431 526 pueri:
446 471 506 517 setis
516 471 553 517 est
563 468 670 526 potuisse
680 468 765 516 videri.

174 540 292 589 carmina
301 555 362 595 quoe
371 539 446 585 vultis
456 538 591 595 cognoscito
599 557 605 595 ς
620 537 730 586 carmine
739 539 815 594 vobis,

172 608 232 655 huic
241 608 308 655 eliud
318 607 434 654 mercedis
443 606 507 654 erit.'
538 607 615 653 Simul
624 606 710 663 incipit
720 605 779 663 ipse.

172 678 238 724 Tum
248 691 306 723 vero
314 675 341 722 in
351 690 479 722 numerum
486 675 629 731 Faunosque
636 675 749 730 ferasque
757 675 850 723 videres

172 745 266 802 ludere,
277 746 331 791 tum
340 744 430 800 rigidas
440 745 533 790 motare
543 743 668 791 cacumine
677 759 793 800 quercus:

173 830 220 862 nec
229 815 328 860 tuntum
337 812 434 860 Phoebo
444 812 533 868 gaudet
543 812 662 859 Parnasia
671 828 752 869 rupes,

136 900 164 936 ³0
173 897 220 930 nee
229 883 327 929 tentum
337 881 454 936 Rhodope
464 880 568 927 miratur
576 882 601 927 et
612 881 720 927 Ismarus
734 880 840 936 Orphea.

173 952 287 1006 Namque
296 949 407 1006 canebat,
418 949 455 996 uti
465 965 580 1006 magnum
590 950 713 1005 perinane
724 951 808 997 coacta

173 1019 267 1067 semine
277 1021 445 1073 tenerumque
454 1019 595 1074 animaeque
605 1019 725 1075 marisque
734 1019 839 1065 fuissent

172 1089 200 1136 et
209 1087 294 1144 liquidi
303 1087 375 1134 simul
384 1087 461 1145 ignis;
475 1088 504 1133 ut
514 1087 551 1134 his
562 1087 659 1134 exordia
669 1087 753 1143 primis

173 1156 257 1204 omnia
266 1157 291 1202 et
300 1156 352 1210 ipso
360 1157 431 1202 tener
441 1156 525 1202 mundi
535 1156 683 1203 concreverit
693 1156 757 1202 orbis
766 1175 772 1212 ;

173 1226 229 1271 tum
238 1224 327 1271 durare
337 1223 415 1270 solum
424 1225 449 1270 et
459 1223 592 1271 discludere
602 1224 683 1271 Nerea
692 1226 768 1279 ponto

173 1293 280 1349 eoeperit
290 1294 315 1339 et
324 1308 406 1340 rerum
416 1292 535 1348 paulatim
546 1307 640 1339 sumere
649 1292 754 1347 formns3

173 1361 271 1417 iamque
279 1376 369 1407 novum
379 1362 460 1408 terreo
470 1361 585 1416 stupeant
595 1358 715 1406 lucescere
726 1358 808 1416 solem,

173 1430 249 1477 ultius
260 1432 333 1485 atque
342 1430 430 1478 cedent
441 1428 568 1476 summotis
578 1427 682 1473 nubibus
692 1427 794 1482 imbres;

173 1499 294 1554 incipient
304 1499 377 1547 silvse
388 1515 443 1546 cum
453 1498 559 1554 primum
569 1511 677 1555 surgere,
688 1512 789 1553 cumque

138 1585 164 1622 40
174 1583 233 1614 rara
242 1582 286 1623 per
294 1566 392 1624 ignaros
401 1568 484 1614 errent
493 1566 608 1613 animulis
617 1567 719 1612 montes.

175 1636 242 1682 Hine
252 1634 343 1691 lapides
353 1635 462 1691 Pyrrhae
472 1635 558 1691 iactos,
569 1633 686 1681 Saturnia
694 1629 778 1690 regna,

174 1704 352 1759 Caucasiasque
358 1704 434 1750 refert
439 1702 549 1750 volucres
554 1702 696 1759 furtumque
701 1701 849 1750 Promethei.

173 1772 222 1819 His
232 1772 352 1828 adiungit,
362 1771 447 1827 Hylen
455 1773 545 1817 nautae
554 1786 601 1826 quo
611 1771 679 1818 tonte
689 1770 802 1818 relietum

174 1841 331 1897 clamassent,
341 1842 369 1887 ut
379 1839 438 1886 litus
449 1839 531 1896 ‘Hyle
540 1839 620 1896 Hyla’
631 1855 701 1886 omne
711 1839 823 1895 soueret3
919 1885 922 1890 ,

173 1911 200 1957 et
209 1909 370 1965 fortunatam,
381 1908 401 1956 si
410 1924 541 1965 numquam
552 1910 664 1956 armenta
673 1907 786 1965 tuissent,

174 1977 312 2034 Pasiphaen
321 1977 385 2024 nivei
395 1976 489 2024 solatur
498 1991 579 2024 amore
589 1977 692 2024 iuvenci.

174 2047 214 2093 Ah
222 2047 291 2101 virgo
300 2045 392 2100 infelix,
404 2060 464 2100 quoe
473 2047 499 2093 te
509 2045 630 2093 dementia
639 2045 703 2102 cepit
712 2049 717 2092 l

174 2114 301 2161 Proetides
311 2113 443 2169 implerunt
453 2113 521 2160 felsis
531 2113 664 2170 mugitibus
674 2127 754 2170 agros,

174 2186 201 2230 at
221 2198 270 2230 non
289 2184 340 2229 tam
360 2184 444 2238 turpes
464 2182 583 2238 pecudum
598 2183 681 2229 temen
697 2181 750 2227 ulla
768 2181 852 2228 secute

231 2253 269 2298 est

139 2342 163 2377 50
174 2319 324 2375 concubitus,
335 2318 444 2374 quemvis
454 2318 515 2366 eollo
524 2319 645 2365 timuisset
654 2318 774 2374 eretrum,

173 2390 199 2435 et
209 2401 281 2443 saepe
290 2387 316 2432 in
325 2387 373 2434 levi
382 2386 514 2442 quaesisset
524 2401 616 2433 cornua
625 2385 716 2432 fronte.

173 2456 214 2503 Ah
224 2455 294 2511 virgo
302 2454 396 2511 infelix,
406 2457 436 2501 tu
444 2454 546 2501 nuncin
556 2453 680 2501 montibus
691 2469 758 2500 erres
768 2475 773 2501 ι

224 2522 281 2571 (25)
