1972 3164
432 183 541 223 AENEIS.
567 184 577 222 1

167 279 209 326 ¹I'n
218 279 276 327 mihi
288 281 452 337 quodcumque
462 281 507 328 hoc
516 281 593 338 regni,
604 281 633 326 tu
642 279 739 335 sceptra
749 280 839 327 Iovem-

223 363 269 404 que

167 417 290 475 concilias,
300 419 329 464 tu
338 417 381 465 dos
390 417 467 473 epulis
477 417 618 466 accumbere
627 417 719 474 divum,

127 493 156 532 20
168 486 351 542 nimborumque
360 485 421 534 fucis
430 487 649 542 tempestatumque
659 484 800 541 potentem:

195 555 264 602 Hsec
273 555 315 602 ubi
324 555 397 612 dicte,
408 570 494 602 cerum
503 570 618 602 conversa
628 554 725 609 cuspide
734 554 841 600 montem

166 623 265 680 impulit
274 623 299 670 in
308 623 388 670 latusz
404 639 433 670 oc
442 624 509 671 venti
518 623 586 670 velut
595 623 691 680 agmine
700 623 774 678 facto,

166 708 217 749 quo
225 692 284 739 dcte
293 694 372 749 porte,
383 694 458 738 ruunt
467 694 494 739 et
503 694 582 739 terras
591 691 689 738 turbine
699 690 812 746 perflent.

167 760 304 808 Incubuere
308 760 520 822 mnsi,·totumque
529 774 545 806 a
554 759 651 806 sedibus
659 759 715 805 imis

165 843 218 875 uno
227 828 355 884 Eurusque
363 828 488 883 Notusque
498 830 574 874 ruunt
583 827 710 882 creberque
719 825 829 882 procellis

166 896 275 953 Africus,
286 898 311 943 ct
320 898 403 943 raetos
412 896 514 943 volvunt
523 896 555 942 nd
564 896 637 943 litora
646 895 742 942 fluctus.

166 965 308 1020 Insequitur
317 965 453 1020 clamorque
463 965 542 1011 virum
551 964 687 1019 stridorque
696 963 845 1010 rudentum?

167 1032 284 1089 Eripiunt
294 1033 374 1080 subito
383 1033 459 1080 nubes
469 1033 608 1088 caelumque
617 1033 727 1087 diemque

167 1101 316 1150 Teucrorum
324 1117 355 1149 ex
364 1101 452 1159 oculis;
466 1104 540 1157 ponto
550 1117 598 1148 nox
607 1101 707 1148 incubet
715 1102 779 1147 atra.
867 1121 868 1127 ¹

131 1187 159 1227 90
169 1170 302 1218 Intonuere
311 1170 360 1226 poli
369 1172 395 1216 et
404 1170 494 1218 crebris
503 1170 577 1217 micet
587 1170 682 1226 ignibus
692 1168 785 1224 sother,

168 1240 367 1294 praesentemque
377 1237 435 1285 viris
444 1238 569 1285 intentant
578 1237 660 1283 omnia
668 1237 779 1282 mortem·

168 1305 300 1361 Extemplo
308 1304 405 1353 Aeneae
414 1305 543 1353 solvuntur
552 1305 643 1363 frigore
653 1303 762 1350 membru
771 1320 777 1356 ;

167 1374 279 1433 ingemit,
289 1376 314 1422 et
324 1375 429 1431 duplices
439 1375 542 1422 tendens
551 1373 583 1419 sd
592 1372 671 1419 sidere
680 1369 773 1426 palmas

167 1442 231 1490 tulis
239 1458 295 1491 voce
304 1443 393 1491 refert:
409 1443 416 1465 ⁴
424 1443 446 1491 0
455 1445 540 1498 terque
550 1442 682 1497 quatemue
691 1439 764 1495 besti,

168 1511 236 1568 queis
246 1514 303 1559 ente
312 1528 355 1560 ore
364 1514 463 1568 petrum
473 1511 560 1558 Troiae
570 1509 615 1558 sub
625 1507 749 1556 moenibus
759 1505 815 1553 eltis

168 1580 273 1639 contigit
282 1582 395 1636 oppetere
404 1583 409 1628 1
436 1593 453 1628 o
463 1582 577 1627 Densum
587 1577 719 1625 fortissime
728 1575 808 1632 gentis

168 1648 270 1706 Tydide,
280 1664 350 1696 mene
359 1648 440 1696 Iliacis
449 1648 590 1697 occumbere
600 1645 690 1702 campis

168 1731 219 1764 non
225 1717 330 1773 potuisse
335 1719 426 1773 tuoque
432 1717 538 1764 enimam
548 1717 611 1764 hunc
618 1714 741 1762 effundere
749 1714 842 1771 dextra,

169 1800 256 1834 suevus
265 1785 308 1832 ubi
316 1785 436 1833 Aeacidae
444 1785 494 1833 telo
502 1785 565 1833 iacet
574 1786 675 1841 Hector,
685 1783 727 1830 ubi
735 1783 820 1839 ingens

123 1868 160 1896 ιω
171 1854 303 1911 Sarpedon,
313 1853 355 1901 ubi
364 1856 403 1901 tot
412 1854 498 1902 Simois
508 1855 620 1910 correpte
628 1853 673 1900 sub
683 1853 753 1899 undis

169 1924 242 1971 scuta
251 1922 328 1969 virum
337 1922 466 1979 galeasque
475 1924 500 1969 et
509 1921 585 1970 fortis
594 1936 693 1977 corpora
701 1921 777 1967 volvit
784 1919 807 1966 θ’

196 1990 266 2037 'Iulis
274 1989 376 2037 iactanti
385 1990 490 2037 stridens
499 1990 617 2046 Aquilone
627 1989 733 2045 procella

169 2058 251 2106 velum
260 2059 362 2105 adverse
370 2058 437 2115 ferit,
448 2058 582 2114 fluctusque
591 2057 711 2104 adsidere
720 2056 793 2103 tollit.

169 2127 330 2184 Franguntur
339 2127 400 2174 remi
408 2144 415 2183 3
429 2129 483 2174 tum
492 2142 565 2182 prora
574 2125 664 2173 evertit
674 2127 699 2172 et
708 2125 779 2171 undis

169 2196 215 2244 det
233 2195 313 2252 letns3
335 2195 471 2252 insequitur
490 2195 586 2242 cumulo
605 2195 751 2250 praeruptus
767 2207 844 2247 equae

227 2279 304 2312 mons.

170 2333 206 2380 Hi
215 2347 310 2380 summo
318 2332 344 2379 in
353 2332 430 2380 fluctu
439 2332 554 2388 pendent,
564 2331 601 2378 his
611 2330 677 2377 unde
686 2328 810 2375 dehiscens

170 2403 264 2449 terrem
272 2400 338 2448 inter
346 2400 435 2448 fluctus
444 2400 532 2457 sperit,
542 2399 604 2446 furit
614 2399 695 2446 aestus
705 2394 810 2443 harenis.

170 2470 233 2517 Tres
242 2469 324 2516 Notus
332 2469 447 2526 obreptus
455 2469 482 2516 in
492 2483 551 2516 sexa
560 2466 663 2514 latentia
671 2466 768 2519 torquet
776 2482 783 2519 3

220 2538 229 2587 (
239 2538 291 2587 11⁵)
