1972 3164
368 162 391 200 P.
404 160 524 201 VERGILI
537 161 666 203 MARONIS

179 257 299 315 ‘Lucage
310 257 379 305 nulle
387 259 444 306 tuos
454 275 539 307 currus
549 261 610 319 fuga
619 260 701 317 segnis
711 276 832 318 equorum

178 326 284 383 prodidit
294 328 338 373 cut
349 343 425 375 venae
434 330 529 376 vertere
539 345 568 376 ex
577 329 688 376 hostibus
697 331 801 378 umbrae
811 353 817 380 ε

178 395 230 451 ipse
239 395 300 442 rotis
310 395 398 444 saliens
407 397 466 453 iuge
475 397 582 444 deseris!
612 399 682 446 Haec
691 398 729 447 ite
739 399 808 446 fetus

179 464 284 519 erripuit
293 465 387 522 biiugos
395 484 401 521 3
415 465 494 512 irater
503 466 618 513 tendebat
627 466 722 515 inertes

179 532 265 580 infelix
274 533 376 591 palmes,
387 549 461 580 curru
471 534 582 591 delapsus
592 536 689 584 ecdem:

181 599 188 622 ‘
197 601 246 649 Per
255 604 289 660 te,
300 618 343 659 per
352 603 394 659 qui
402 603 428 650 te
437 602 512 650 talem
521 619 627 660 genuere
636 607 762 662 parentes,

180 670 218 717 vir
238 671 350 729 Troiane,
366 671 417 718 sine
436 671 500 719 hunc
515 672 621 719 enimam
637 675 664 720 et
678 675 794 723 miserere
809 691 862 730 pre·

237 741 333 787 centis!

182 808 296 856 Pluribus
306 810 387 857 oranti
396 810 490 857 Aeneas
500 831 505 857 ι
523 810 612 857 ‘Haud
621 811 683 858 teliu
693 811 786 858 dudum

132 885 169 922 σω
182 877 248 924 dictu
257 877 339 926 debas.
370 879 466 927 Morere
475 880 500 925 et
509 879 612 926 fratrem
621 895 652 927 ne
663 881 746 929 desere
756 880 852 928 freter!

181 946 244 992 Tum
254 946 359 993 latebras
370 947 464 994 animae
472 950 557 1004 pectus
567 963 681 995 mucrone
690 949 805 997 recludit.

182 1014 252 1061 Talia
261 1030 305 1071 per
315 1030 412 1071 campos
422 1016 509 1063 edebat
518 1016 606 1063 funere
616 1016 704 1064 ductor

182 1083 330 1140 Dardanius,
341 1085 457 1131 terrentis
471 1099 546 1140 equae
555 1085 593 1131 vel
602 1085 708 1131 turbinis
718 1086 768 1133 etri

182 1167 248 1200 more
264 1152 357 1200 furens.
387 1153 496 1201 Tandem
510 1155 642 1209 erumpunt
655 1155 681 1201 et
694 1158 777 1202 cestre
790 1155 862 1202 relin-

238 1224 316 1278 quunt

183 1291 303 1338 Ascanius
312 1305 373 1346 puer
382 1292 408 1337 et
417 1290 563 1347 nequiquam
573 1291 670 1338 obsessa
679 1291 804 1339 iuventus.

211 1359 328 1405 Iunonem
338 1357 432 1406 interce
440 1359 568 1414 compellat
578 1359 690 1415 Iuppiter
699 1360 781 1407 ultro:

184 1427 190 1448 ‘
200 1427 221 1474 Ο
231 1441 348 1484 germunt.
357 1427 417 1473 mihi
426 1429 499 1483 atque
509 1428 592 1475 eedem
601 1428 742 1486 gmtissime
748 1429 861 1485 coniunx,

184 1498 213 1543 ut
222 1496 315 1553 rebare,
323 1496 406 1543 Venus
417 1497 470 1553 (nec
480 1499 505 1544 te
516 1497 638 1544 sententie
647 1497 723 1552 fallit)

184 1564 302 1612 Troianus
312 1569 435 1614 sustentet
445 1580 510 1622 opes,
521 1580 570 1612 non
579 1565 661 1612 vivide
669 1565 734 1612 bello

135 1641 173 1679 610
184 1633 271 1681 dextre
280 1634 338 1681 viris
348 1634 489 1690 animusque
500 1634 569 1681 ferox
578 1634 720 1690 patiensque
730 1634 832 1690 pericli!

185 1702 231 1750 cui
241 1704 303 1749 Iuno
311 1702 430 1749 submisse
441 1703 447 1724 ‘
456 1702 527 1759 Quid,
538 1718 552 1750 ο
562 1702 723 1758 pulcherrime
734 1702 848 1758 coniunx,

185 1770 299 1817 sollicitas
310 1786 408 1827 aegram
419 1771 444 1819 et
453 1772 498 1818 tue
507 1771 589 1817 tristia
598 1770 664 1817 iussu
673 1771 800 1817 timentem
811 1773 821 1817 l

185 1839 212 1886 Si
218 1838 284 1895 mihi,
289 1854 349 1894 quae
356 1840 476 1895 quondum
483 1840 565 1886 fuerat
572 1854 689 1895 quemque
695 1854 747 1886 esse
753 1838 861 1895 decebat,

184 1907 221 1954 vis
231 1907 256 1953 in
266 1922 347 1953 umore
357 1908 436 1956 foret!
456 1923 504 1955 non
514 1908 559 1955 hoc
568 1908 628 1954 mihi
637 1923 741 1963 nemque
751 1922 861 1964 negares,

185 1975 344 2032 omnipotens,
356 1976 414 2032 quin
424 1978 449 2024 et
458 1991 554 2032 pugnae
564 1975 696 2023 subducere
707 1975 820 2022 Turnum

186 2046 211 2093 et
221 2045 311 2092 Dauno
320 2060 414 2101 possem
424 2045 569 2092 incolumem
579 2059 676 2090 servare
685 2044 791 2099 parenti.

186 2114 259 2161 Nunc
270 2114 353 2170 pereat
363 2114 509 2169 Teucrisque
519 2113 559 2168 pic
569 2113 610 2160 det
621 2112 738 2168 sanguine
748 2127 847 2168 poenes.

186 2183 232 2230 Ille
242 2185 324 2230 temen
334 2185 419 2229 nostre
428 2182 525 2229 deducit
535 2181 627 2237 origine
637 2196 734 2236 nomen,

187 2251 361 2306 Pilumnusque
369 2251 406 2296 illi
414 2252 515 2305 quartus
525 2252 596 2304 peter
604 2268 610 2305 ;
625 2251 650 2296 et
659 2251 704 2296 tua
713 2248 785 2304 larga

139 2330 177 2368 620
189 2335 259 2375 saepe
269 2335 343 2366 manu
353 2318 482 2373 multisque
492 2317 602 2364 oneravit
611 2317 696 2363 limina
705 2316 791 2363 donis!

188 2387 234 2435 Oui
244 2403 286 2434 rex
296 2387 397 2434 aetherii
405 2386 512 2433 breviter
521 2385 555 2432 sic
564 2385 634 2432 fatur
643 2385 740 2440 Olympi
749 2405 754 2430 :

188 2454 195 2476 ⁴
205 2455 231 2501 Si
240 2470 308 2502 more
318 2454 451 2511 praesentis
460 2453 504 2500 leti
513 2454 655 2509 tempusque
665 2452 755 2500 caduco

235 2523 244 2569 (
253 2522 305 2571 ³64)
