<?xml version="1.0" encoding="UTF-8"?>
<!DOCTYPE html PUBLIC "-//W3C//DTD XHTML 1.0 Transitional//EN"
    "http://www.w3.org/TR/xhtml1/DTD/xhtml1-transitional.dtd">
<html xmlns="http://www.w3.org/1999/xhtml" xml:lang="en" lang="en">
 <head>
  <title>
</title>
<meta http-equiv="Content-Type" content="text/html;charset=utf-8" />
  <meta name='ocr-system' content='tesseract 3.04.00' />
  <meta name='ocr-capabilities' content='ocr_page ocr_carea ocr_par ocr_line ocrx_word'/>
</head>
<body>
  <div class='ocr_page' id='page_1' title='image "./pvergilimaronis07virggoog/pvergilimaronis07virggoog_0160.png"; bbox 0 0 1972 3164; ppageno 0'>
   <div class='ocr_carea' id='block_1_1' title="bbox 169 165 789 321">
    <p class='ocr_par' dir='ltr' id='par_1_1' title="bbox 169 165 789 321">
     <span class='ocr_line' id='line_1_1' title="bbox 426 165 585 206; baseline -0.006 0"><span class='ocrx_word' id='word_1_1' title='bbox 426 165 535 206; x_wconf 76' lang='lat' dir='ltr'>AENEIS.</span> <span class='ocrx_word' id='word_1_2' title='bbox 562 166 585 205; x_wconf 94' lang='lat' dir='ltr'>II</span> 
     </span>
     <span class='ocr_line' id='line_1_2' title="bbox 169 262 789 321; baseline 0.003 -12"><span class='ocrx_word' id='word_1_3' title='bbox 169 262 266 319; x_wconf 75' lang='lat' dir='ltr'><strong>Iphitus</strong></span> <span class='ocrx_word' id='word_1_4' title='bbox 275 264 300 310; x_wconf 87' lang='lat' dir='ltr'>ot</span> <span class='ocrx_word' id='word_1_5' title='bbox 310 262 389 310; x_wconf 85' lang='lat' dir='ltr'>Pelias</span> <span class='ocrx_word' id='word_1_6' title='bbox 399 279 501 321; x_wconf 87' lang='lat' dir='ltr'>mecum,</span> <span class='ocrx_word' id='word_1_7' title='bbox 512 279 614 319; x_wconf 87' lang='lat' dir='ltr'>quorum</span> <span class='ocrx_word' id='word_1_8' title='bbox 624 264 720 320; x_wconf 84' lang='lat' dir='ltr'>Iphitus</span> <span class='ocrx_word' id='word_1_9' title='bbox 730 279 789 311; x_wconf 84' lang='lat' dir='ltr'>aevo</span> 
     </span>
    </p>
   </div>
   <div class='ocr_carea' id='block_1_2' title="bbox 122 331 852 2430">
    <p class='ocr_par' dir='ltr' id='par_1_2' title="bbox 170 331 741 388">
     <span class='ocr_line' id='line_1_3' title="bbox 170 331 741 388; baseline 0 -9"><span class='ocrx_word' id='word_1_10' title='bbox 170 332 219 379; x_wconf 86' lang='lat' dir='ltr'>iam</span> <span class='ocrx_word' id='word_1_11' title='bbox 228 331 332 388; x_wconf 78' lang='lat' dir='ltr'>gravior,</span> <span class='ocrx_word' id='word_1_12' title='bbox 344 332 422 379; x_wconf 85' lang='lat' dir='ltr'>Pelias</span> <span class='ocrx_word' id='word_1_13' title='bbox 432 333 457 379; x_wconf 92' lang='lat' dir='ltr'>et</span> <span class='ocrx_word' id='word_1_14' title='bbox 466 332 568 379; x_wconf 84' lang='lat' dir='ltr'>vulnere</span> <span class='ocrx_word' id='word_1_15' title='bbox 577 333 664 379; x_wconf 89' lang='lat' dir='ltr'>tardus</span> <span class='ocrx_word' id='word_1_16' title='bbox 673 332 741 380; x_wconf 87' lang='lat' dir='ltr'>Ulixi</span> 
     </span>
    </p>

    <p class='ocr_par' dir='ltr' id='par_1_3' title="bbox 145 399 815 593">
     <span class='ocr_line' id='line_1_4' title="bbox 145 399 716 457; baseline 0.002 -11"><span class='ocrx_word' id='word_1_17' title='bbox 145 452 149 457; x_wconf 24' lang='lat'>³</span> <span class='ocrx_word' id='word_1_18' title='bbox 170 399 286 447; x_wconf 86' lang='lat' dir='ltr'>Protinus</span> <span class='ocrx_word' id='word_1_19' title='bbox 296 401 327 447; x_wconf 88' lang='lat' dir='ltr'>ad</span> <span class='ocrx_word' id='word_1_20' title='bbox 337 400 403 446; x_wconf 90' lang='lat' dir='ltr'>sedes</span> <span class='ocrx_word' id='word_1_21' title='bbox 413 400 504 447; x_wconf 85' lang='lat' dir='ltr'>Priami</span> <span class='ocrx_word' id='word_1_22' title='bbox 514 401 619 447; x_wconf 89' lang='lat' dir='ltr'>elamore</span> <span class='ocrx_word' id='word_1_23' title='bbox 628 400 716 447; x_wconf 83' lang='lat' dir='ltr'>vocati.</span> 
     </span>
     <span class='ocr_line' id='line_1_5' title="bbox 170 468 815 524; baseline 0 -10"><span class='ocrx_word' id='word_1_24' title='bbox 170 468 220 515; x_wconf 89' lang='lat' dir='ltr'>Hic</span> <span class='ocrx_word' id='word_1_25' title='bbox 230 483 287 514; x_wconf 88' lang='lat' dir='ltr'>vero</span> <span class='ocrx_word' id='word_1_26' title='bbox 296 468 418 524; x_wconf 78' lang='lat' dir='ltr'>ingentem</span> <span class='ocrx_word' id='word_1_27' title='bbox 428 483 543 524; x_wconf 76' lang='lat' dir='ltr'>pugnam,</span> <span class='ocrx_word' id='word_1_28' title='bbox 554 484 598 515; x_wconf 92' lang='lat' dir='ltr'>cen</span> <span class='ocrx_word' id='word_1_29' title='bbox 607 469 688 515; x_wconf 88' lang='lat' dir='ltr'>cetera</span> <span class='ocrx_word' id='word_1_30' title='bbox 697 482 815 522; x_wconf 89' lang='lat' dir='ltr'>nusquam</span> 
     </span>
     <span class='ocr_line' id='line_1_6' title="bbox 170 535 740 593; baseline 0 -10"><span class='ocrx_word' id='word_1_31' title='bbox 170 536 235 583; x_wconf 82' lang='lat' dir='ltr'>bella</span> <span class='ocrx_word' id='word_1_32' title='bbox 243 535 332 592; x_wconf 85' lang='lat' dir='ltr'>forent,</span> <span class='ocrx_word' id='word_1_33' title='bbox 342 536 404 582; x_wconf 92' lang='lat' dir='ltr'>nulli</span> <span class='ocrx_word' id='word_1_34' title='bbox 413 537 467 583; x_wconf 85' lang='lat' dir='ltr'>tota</span> <span class='ocrx_word' id='word_1_35' title='bbox 475 538 628 584; x_wconf 67' lang='lat' dir='ltr'>morerentur</span> <span class='ocrx_word' id='word_1_36' title='bbox 636 536 662 583; x_wconf 91' lang='lat' dir='ltr'>in</span> <span class='ocrx_word' id='word_1_37' title='bbox 672 536 740 593; x_wconf 91' lang='lat' dir='ltr'>urbe,</span> 
     </span>
    </p>

    <p class='ocr_par' dir='ltr' id='par_1_4' title="bbox 122 603 845 1276">
     <span class='ocr_line' id='line_1_7' title="bbox 122 603 844 660; baseline -0.004 -6"><span class='ocrx_word' id='word_1_38' title='bbox 122 616 162 655; x_wconf 74' lang='lat'>440</span> <span class='ocrx_word' id='word_1_39' title='bbox 172 603 206 652; x_wconf 88' lang='lat' dir='ltr'>sic</span> <span class='ocrx_word' id='word_1_40' title='bbox 215 604 322 650; x_wconf 85' lang='lat' dir='ltr'>Martem</span> <span class='ocrx_word' id='word_1_41' title='bbox 331 603 474 651; x_wconf 89' lang='lat' dir='ltr'>indomitum</span> <span class='ocrx_word' id='word_1_42' title='bbox 482 605 626 660; x_wconf 79' lang='lat' dir='ltr'>Danaesque</span> <span class='ocrx_word' id='word_1_43' title='bbox 632 605 664 651; x_wconf 89' lang='lat' dir='ltr'>ad</span> <span class='ocrx_word' id='word_1_44' title='bbox 672 607 740 652; x_wconf 86' lang='lat' dir='ltr'>tecta</span> <span class='ocrx_word' id='word_1_45' title='bbox 746 613 844 652; x_wconf 82' lang='lat' dir='ltr'>ruentes</span> 
     </span>
     <span class='ocr_line' id='line_1_8' title="bbox 172 672 765 729; baseline -0.002 -9"><span class='ocrx_word' id='word_1_46' title='bbox 172 672 300 729; x_wconf 89' lang='lat' dir='ltr'>cernimus,</span> <span class='ocrx_word' id='word_1_47' title='bbox 311 672 478 728; x_wconf 86' lang='lat' dir='ltr'>obsessumque</span> <span class='ocrx_word' id='word_1_48' title='bbox 488 675 544 720; x_wconf 87' lang='lat' dir='ltr'>acta</span> <span class='ocrx_word' id='word_1_49' title='bbox 552 673 673 720; x_wconf 70' lang='lat' dir='ltr'><strong>testudine</strong></span> <span class='ocrx_word' id='word_1_50' title='bbox 683 673 765 720; x_wconf 88' lang='lat' dir='ltr'>limen.</span> 
     </span>
     <span class='ocr_line' id='line_1_9' title="bbox 172 740 781 798; baseline -0.002 -10"><span class='ocrx_word' id='word_1_51' title='bbox 172 741 283 788; x_wconf 91' lang='lat' dir='ltr'>Haerent</span> <span class='ocrx_word' id='word_1_52' title='bbox 289 740 421 796; x_wconf 85' lang='lat' dir='ltr'>parietibus</span> <span class='ocrx_word' id='word_1_53' title='bbox 432 741 518 798; x_wconf 84' lang='lat' dir='ltr'>scalae,</span> <span class='ocrx_word' id='word_1_54' title='bbox 529 743 654 797; x_wconf 83' lang='lat' dir='ltr'>postesque</span> <span class='ocrx_word' id='word_1_55' title='bbox 664 741 708 788; x_wconf 90' lang='lat' dir='ltr'>snb</span> <span class='ocrx_word' id='word_1_56' title='bbox 717 741 781 796; x_wconf 88' lang='lat' dir='ltr'>ipsos</span> 
     </span>
     <span class='ocr_line' id='line_1_10' title="bbox 171 809 775 866; baseline 0 -10"><span class='ocrx_word' id='word_1_57' title='bbox 171 810 286 856; x_wconf 90' lang='lat' dir='ltr'>nituntur</span> <span class='ocrx_word' id='word_1_58' title='bbox 295 809 417 866; x_wconf 76' lang='lat' dir='ltr'>gradibus,</span> <span class='ocrx_word' id='word_1_59' title='bbox 428 809 562 865; x_wconf 82' lang='lat' dir='ltr'>clipeosque</span> <span class='ocrx_word' id='word_1_60' title='bbox 571 810 603 856; x_wconf 91' lang='lat' dir='ltr'>ad</span> <span class='ocrx_word' id='word_1_61' title='bbox 612 810 663 856; x_wconf 89' lang='lat' dir='ltr'>tela</span> <span class='ocrx_word' id='word_1_62' title='bbox 672 809 775 857; x_wconf 72' lang='lat' dir='ltr'>sinistris</span> 
     </span>
     <span class='ocr_line' id='line_1_11' title="bbox 173 877 754 936; baseline 0.002 -12"><span class='ocrx_word' id='word_1_63' title='bbox 173 877 277 934; x_wconf 87' lang='lat' dir='ltr'>protecti</span> <span class='ocrx_word' id='word_1_64' title='bbox 286 877 410 935; x_wconf 86' lang='lat' dir='ltr'>obiiciunt,</span> <span class='ocrx_word' id='word_1_65' title='bbox 421 880 537 934; x_wconf 76' lang='lat' dir='ltr'>prensant</span> <span class='ocrx_word' id='word_1_66' title='bbox 547 878 646 936; x_wconf 81' lang='lat' dir='ltr'>fastigia</span> <span class='ocrx_word' id='word_1_67' title='bbox 655 879 754 925; x_wconf 85' lang='lat' dir='ltr'>dextris.</span> 
     </span>
     <span class='ocr_line' id='line_1_12' title="bbox 173 945 761 994; baseline 0 -2"><span class='ocrx_word' id='word_1_68' title='bbox 173 945 329 992; x_wconf 88' lang='lat' dir='ltr'>Dardanidae</span> <span class='ocrx_word' id='word_1_69' title='bbox 339 948 425 993; x_wconf 89' lang='lat' dir='ltr'>contra</span> <span class='ocrx_word' id='word_1_70' title='bbox 433 948 513 994; x_wconf 88' lang='lat' dir='ltr'>turres</span> <span class='ocrx_word' id='word_1_71' title='bbox 523 962 552 994; x_wconf 84' lang='lat' dir='ltr'>ac</span> <span class='ocrx_word' id='word_1_72' title='bbox 561 948 627 994; x_wconf 87' lang='lat' dir='ltr'>tecta</span> <span class='ocrx_word' id='word_1_73' title='bbox 635 948 761 994; x_wconf 89' lang='lat' dir='ltr'>domorum</span> 
     </span>
     <span class='ocr_line' id='line_1_13' title="bbox 173 1015 845 1072; baseline -0.004 -9"><span class='ocrx_word' id='word_1_74' title='bbox 173 1015 280 1064; x_wconf 88' lang='lat' dir='ltr'>culmina</span> <span class='ocrx_word' id='word_1_75' title='bbox 287 1015 439 1072; x_wconf 87' lang='lat' dir='ltr'>convellnnt;</span> <span class='ocrx_word' id='word_1_76' title='bbox 454 1015 491 1062; x_wconf 89' lang='lat' dir='ltr'>his</span> <span class='ocrx_word' id='word_1_77' title='bbox 501 1030 534 1072; x_wconf 85' lang='lat' dir='ltr'>se,</span> <span class='ocrx_word' id='word_1_78' title='bbox 541 1015 635 1071; x_wconf 86' lang='lat' dir='ltr'>quando</span> <span class='ocrx_word' id='word_1_79' title='bbox 641 1015 728 1062; x_wconf 89' lang='lat' dir='ltr'>ultima</span> <span class='ocrx_word' id='word_1_80' title='bbox 734 1016 845 1071; x_wconf 89' lang='lat' dir='ltr'>cernunt,</span> 
     </span>
     <span class='ocr_line' id='line_1_14' title="bbox 173 1083 778 1139; baseline -0.003 -8"><span class='ocrx_word' id='word_1_81' title='bbox 173 1085 282 1131; x_wconf 80' lang='lat' dir='ltr'>extrema</span> <span class='ocrx_word' id='word_1_82' title='bbox 295 1083 343 1130; x_wconf 90' lang='lat' dir='ltr'>iem</span> <span class='ocrx_word' id='word_1_83' title='bbox 352 1083 378 1130; x_wconf 89' lang='lat' dir='ltr'>in</span> <span class='ocrx_word' id='word_1_84' title='bbox 388 1085 465 1130; x_wconf 88' lang='lat' dir='ltr'>morte</span> <span class='ocrx_word' id='word_1_85' title='bbox 475 1086 563 1139; x_wconf 83' lang='lat' dir='ltr'>parant</span> <span class='ocrx_word' id='word_1_86' title='bbox 572 1084 700 1130; x_wconf 82' lang='lat' dir='ltr'>defendere</span> <span class='ocrx_word' id='word_1_87' title='bbox 709 1083 778 1139; x_wconf 81' lang='lat' dir='ltr'>telis3</span> 
     </span>
     <span class='ocr_line' id='line_1_15' title="bbox 173 1151 841 1208; baseline -0.006 -9"><span class='ocrx_word' id='word_1_88' title='bbox 173 1153 318 1207; x_wconf 69' lang='lat' dir='ltr'>auratasque</span> <span class='ocrx_word' id='word_1_89' title='bbox 327 1151 417 1208; x_wconf 86' lang='lat' dir='ltr'>trabes,</span> <span class='ocrx_word' id='word_1_90' title='bbox 427 1153 537 1199; x_wconf 83' lang='lat' dir='ltr'>veterum</span> <span class='ocrx_word' id='word_1_91' title='bbox 547 1152 634 1198; x_wconf 87' lang='lat' dir='ltr'>decora</span> <span class='ocrx_word' id='word_1_92' title='bbox 643 1151 694 1197; x_wconf 87' lang='lat' dir='ltr'>alta</span> <span class='ocrx_word' id='word_1_93' title='bbox 703 1151 841 1205; x_wconf 87' lang='lat' dir='ltr'>parentum,</span> 
     </span>
     <span class='ocr_line' id='line_1_16' title="bbox 174 1219 711 1276; baseline -0.006 -9"><span class='ocrx_word' id='word_1_94' title='bbox 174 1219 305 1267; x_wconf 82' lang='lat' dir='ltr'>devolvunt</span> <span class='ocrx_word' id='word_1_95' title='bbox 315 1239 320 1276; x_wconf 88' lang='lat'>;</span> <span class='ocrx_word' id='word_1_96' title='bbox 337 1219 378 1266; x_wconf 89' lang='lat' dir='ltr'>alii</span> <span class='ocrx_word' id='word_1_97' title='bbox 388 1219 478 1266; x_wconf 88' lang='lat' dir='ltr'>strictis</span> <span class='ocrx_word' id='word_1_98' title='bbox 488 1220 641 1266; x_wconf 89' lang='lat' dir='ltr'>mucronibus</span> <span class='ocrx_word' id='word_1_99' title='bbox 650 1219 711 1264; x_wconf 88' lang='lat' dir='ltr'>imas</span> 
     </span>
    </p>

    <p class='ocr_par' dir='ltr' id='par_1_5' title="bbox 126 1287 763 1479">
     <span class='ocr_line' id='line_1_17' title="bbox 126 1287 725 1343; baseline -0.008 -6"><span class='ocrx_word' id='word_1_100' title='bbox 126 1300 165 1338; x_wconf 83' lang='lat'>450</span> <span class='ocrx_word' id='word_1_101' title='bbox 175 1287 287 1335; x_wconf 86' lang='lat' dir='ltr'>obsedere</span> <span class='ocrx_word' id='word_1_102' title='bbox 296 1288 368 1343; x_wconf 84' lang='lat' dir='ltr'>fores,</span> <span class='ocrx_word' id='word_1_103' title='bbox 378 1287 422 1334; x_wconf 86' lang='lat' dir='ltr'>has</span> <span class='ocrx_word' id='word_1_104' title='bbox 432 1289 531 1334; x_wconf 72' lang='lat' dir='ltr'>serrant</span> <span class='ocrx_word' id='word_1_105' title='bbox 541 1287 635 1343; x_wconf 74' lang='lat' dir='ltr'>agmine</span> <span class='ocrx_word' id='word_1_106' title='bbox 645 1287 725 1333; x_wconf 90' lang='lat' dir='ltr'>denso.</span> 
     </span>
     <span class='ocr_line' id='line_1_18' title="bbox 175 1354 699 1412; baseline -0.006 -9"><span class='ocrx_word' id='word_1_107' title='bbox 175 1356 311 1403; x_wconf 76' lang='lat' dir='ltr'>Instaurati</span> <span class='ocrx_word' id='word_1_108' title='bbox 320 1356 393 1402; x_wconf 84' lang='lat' dir='ltr'>animi</span> <span class='ocrx_word' id='word_1_109' title='bbox 403 1356 466 1412; x_wconf 75' lang='lat' dir='ltr'>regis</span> <span class='ocrx_word' id='word_1_110' title='bbox 476 1370 618 1402; x_wconf 78' lang='lat' dir='ltr'>succurrere</span> <span class='ocrx_word' id='word_1_111' title='bbox 628 1354 699 1401; x_wconf 87' lang='lat' dir='ltr'>tectis</span> 
     </span>
     <span class='ocr_line' id='line_1_19' title="bbox 174 1421 763 1479; baseline -0.007 -8"><span class='ocrx_word' id='word_1_112' title='bbox 174 1424 309 1479; x_wconf 87' lang='lat' dir='ltr'>auxilioque</span> <span class='ocrx_word' id='word_1_113' title='bbox 319 1424 399 1471; x_wconf 87' lang='lat' dir='ltr'>levare</span> <span class='ocrx_word' id='word_1_114' title='bbox 408 1424 473 1470; x_wconf 83' lang='lat' dir='ltr'>viros</span> <span class='ocrx_word' id='word_1_115' title='bbox 482 1424 578 1478; x_wconf 84' lang='lat' dir='ltr'>vimque</span> <span class='ocrx_word' id='word_1_116' title='bbox 587 1423 675 1469; x_wconf 86' lang='lat' dir='ltr'>addere</span> <span class='ocrx_word' id='word_1_117' title='bbox 684 1421 763 1468; x_wconf 86' lang='lat' dir='ltr'>victis.</span> 
     </span>
    </p>

    <p class='ocr_par' dir='ltr' id='par_1_6' title="bbox 175 1491 811 1949">
     <span class='ocr_line' id='line_1_20' title="bbox 200 1491 783 1548; baseline -0.007 -9"><span class='ocrx_word' id='word_1_118' title='bbox 200 1492 206 1512; x_wconf 88' lang='lat'>‘</span> <span class='ocrx_word' id='word_1_119' title='bbox 216 1492 301 1539; x_wconf 90' lang='lat' dir='ltr'>Limen</span> <span class='ocrx_word' id='word_1_120' title='bbox 310 1493 364 1539; x_wconf 90' lang='lat' dir='ltr'>erat</span> <span class='ocrx_word' id='word_1_121' title='bbox 373 1507 502 1548; x_wconf 82' lang='lat' dir='ltr'>caecaeque</span> <span class='ocrx_word' id='word_1_122' title='bbox 511 1493 575 1539; x_wconf 84' lang='lat' dir='ltr'>fores</span> <span class='ocrx_word' id='word_1_123' title='bbox 585 1494 610 1538; x_wconf 86' lang='lat' dir='ltr'>et</span> <span class='ocrx_word' id='word_1_124' title='bbox 620 1491 716 1546; x_wconf 87' lang='lat' dir='ltr'>pervius</span> <span class='ocrx_word' id='word_1_125' title='bbox 724 1504 783 1536; x_wconf 88' lang='lat' dir='ltr'>nsua</span> 
     </span>
     <span class='ocr_line' id='line_1_21' title="bbox 175 1558 736 1616; baseline -0.007 -8"><span class='ocrx_word' id='word_1_126' title='bbox 175 1561 295 1608; x_wconf 83' lang='lat' dir='ltr'>tectorum</span> <span class='ocrx_word' id='word_1_127' title='bbox 304 1561 369 1607; x_wconf 90' lang='lat' dir='ltr'>inter</span> <span class='ocrx_word' id='word_1_128' title='bbox 376 1576 401 1608; x_wconf 89' lang='lat' dir='ltr'>se</span> <span class='ocrx_word' id='word_1_129' title='bbox 411 1560 511 1616; x_wconf 80' lang='lat' dir='ltr'>Priami,</span> <span class='ocrx_word' id='word_1_130' title='bbox 521 1563 647 1616; x_wconf 87' lang='lat' dir='ltr'>postesque</span> <span class='ocrx_word' id='word_1_131' title='bbox 657 1558 736 1605; x_wconf 89' lang='lat' dir='ltr'>relicti</span> 
     </span>
     <span class='ocr_line' id='line_1_22' title="bbox 175 1627 776 1685; baseline -0.007 -9"><span class='ocrx_word' id='word_1_132' title='bbox 175 1645 192 1676; x_wconf 89' lang='lat' dir='ltr'>a</span> <span class='ocrx_word' id='word_1_133' title='bbox 200 1630 277 1685; x_wconf 78' lang='lat' dir='ltr'>tergo,</span> <span class='ocrx_word' id='word_1_134' title='bbox 288 1628 429 1683; x_wconf 75' lang='lat' dir='ltr'>infelixque</span> <span class='ocrx_word' id='word_1_135' title='bbox 439 1644 472 1685; x_wconf 89' lang='lat' dir='ltr'>se,</span> <span class='ocrx_word' id='word_1_136' title='bbox 482 1629 540 1675; x_wconf 92' lang='lat' dir='ltr'>dum</span> <span class='ocrx_word' id='word_1_137' title='bbox 550 1643 627 1685; x_wconf 81' lang='lat' dir='ltr'>regna</span> <span class='ocrx_word' id='word_1_138' title='bbox 636 1627 776 1683; x_wconf 85' lang='lat' dir='ltr'>manebant,</span> 
     </span>
     <span class='ocr_line' id='line_1_23' title="bbox 175 1695 776 1752; baseline -0.005 -8"><span class='ocrx_word' id='word_1_139' title='bbox 175 1697 270 1752; x_wconf 87' lang='lat' dir='ltr'>saepius</span> <span class='ocrx_word' id='word_1_140' title='bbox 280 1696 449 1743; x_wconf 86' lang='lat' dir='ltr'>Andromache</span> <span class='ocrx_word' id='word_1_141' title='bbox 459 1696 524 1743; x_wconf 81' lang='lat' dir='ltr'>ferre</span> <span class='ocrx_word' id='word_1_142' title='bbox 533 1697 675 1743; x_wconf 88' lang='lat' dir='ltr'>incomitata</span> <span class='ocrx_word' id='word_1_143' title='bbox 684 1695 776 1742; x_wconf 85' lang='lat' dir='ltr'>solebat</span> 
     </span>
     <span class='ocr_line' id='line_1_24' title="bbox 176 1763 811 1822; baseline -0.009 -9"><span class='ocrx_word' id='word_1_144' title='bbox 176 1767 208 1813; x_wconf 91' lang='lat' dir='ltr'>ad</span> <span class='ocrx_word' id='word_1_145' title='bbox 218 1780 319 1822; x_wconf 87' lang='lat' dir='ltr'>soceros,</span> <span class='ocrx_word' id='word_1_146' title='bbox 329 1765 354 1812; x_wconf 87' lang='lat' dir='ltr'>et</span> <span class='ocrx_word' id='word_1_147' title='bbox 364 1780 409 1810; x_wconf 88' lang='lat' dir='ltr'>avo</span> <span class='ocrx_word' id='word_1_148' title='bbox 419 1780 520 1820; x_wconf 88' lang='lat' dir='ltr'>puerum</span> <span class='ocrx_word' id='word_1_149' title='bbox 529 1765 681 1820; x_wconf 85' lang='lat' dir='ltr'>Astyanacta</span> <span class='ocrx_word' id='word_1_150' title='bbox 689 1763 811 1810; x_wconf 89' lang='lat' dir='ltr'>trahebat.</span> 
     </span>
     <span class='ocr_line' id='line_1_25' title="bbox 177 1832 708 1889; baseline -0.008 -7"><span class='ocrx_word' id='word_1_151' title='bbox 177 1834 262 1882; x_wconf 81' lang='lat' dir='ltr'>Evado</span> <span class='ocrx_word' id='word_1_152' title='bbox 270 1833 302 1879; x_wconf 91' lang='lat' dir='ltr'>ad</span> <span class='ocrx_word' id='word_1_153' title='bbox 311 1833 398 1880; x_wconf 88' lang='lat' dir='ltr'>summi</span> <span class='ocrx_word' id='word_1_154' title='bbox 407 1832 507 1889; x_wconf 81' lang='lat' dir='ltr'>fastigia</span> <span class='ocrx_word' id='word_1_155' title='bbox 516 1832 635 1888; x_wconf 88' lang='lat' dir='ltr'>culminis,</span> <span class='ocrx_word' id='word_1_156' title='bbox 645 1833 708 1878; x_wconf 88' lang='lat' dir='ltr'>unde</span> 
     </span>
     <span class='ocr_line' id='line_1_26' title="bbox 177 1900 719 1949; baseline -0.006 0"><span class='ocrx_word' id='word_1_157' title='bbox 177 1902 312 1949; x_wconf 85' lang='lat' dir='ltr'>telamann</span> <span class='ocrx_word' id='word_1_158' title='bbox 321 1901 402 1947; x_wconf 89' lang='lat' dir='ltr'>miseri</span> <span class='ocrx_word' id='word_1_159' title='bbox 411 1900 535 1947; x_wconf 85' lang='lat' dir='ltr'>iactabant</span> <span class='ocrx_word' id='word_1_160' title='bbox 544 1901 616 1947; x_wconf 87' lang='lat' dir='ltr'>irrita</span> <span class='ocrx_word' id='word_1_161' title='bbox 625 1900 719 1947; x_wconf 82' lang='lat' dir='ltr'>Teucri.</span> 
     </span>
    </p>

    <p class='ocr_par' dir='ltr' id='par_1_7' title="bbox 129 1967 852 2430">
     <span class='ocr_line' id='line_1_27' title="bbox 129 1967 852 2025; baseline -0.003 -11"><span class='ocrx_word' id='word_1_162' title='bbox 129 1976 168 2024; x_wconf 83' lang='lat'>4⁶0</span> <span class='ocrx_word' id='word_1_163' title='bbox 178 1970 277 2018; x_wconf 83' lang='lat' dir='ltr'>Turrim</span> <span class='ocrx_word' id='word_1_164' title='bbox 286 1970 312 2017; x_wconf 89' lang='lat' dir='ltr'>in</span> <span class='ocrx_word' id='word_1_165' title='bbox 322 1969 447 2025; x_wconf 81' lang='lat' dir='ltr'>praecipiti</span> <span class='ocrx_word' id='word_1_166' title='bbox 457 1970 563 2016; x_wconf 87' lang='lat' dir='ltr'>stantem</span> <span class='ocrx_word' id='word_1_167' title='bbox 573 1969 718 2024; x_wconf 88' lang='lat' dir='ltr'>summisque</span> <span class='ocrx_word' id='word_1_168' title='bbox 729 1967 773 2013; x_wconf 90' lang='lat' dir='ltr'>sub</span> <span class='ocrx_word' id='word_1_169' title='bbox 783 1968 852 2013; x_wconf 86' lang='lat' dir='ltr'>astra</span> 
     </span>
     <span class='ocr_line' id='line_1_28' title="bbox 178 2036 707 2093; baseline -0.008 -7"><span class='ocrx_word' id='word_1_170' title='bbox 178 2040 291 2087; x_wconf 87' lang='lat' dir='ltr'>eductam</span> <span class='ocrx_word' id='word_1_171' title='bbox 300 2038 380 2093; x_wconf 87' lang='lat' dir='ltr'>tectis,</span> <span class='ocrx_word' id='word_1_172' title='bbox 390 2037 454 2084; x_wconf 87' lang='lat' dir='ltr'>unde</span> <span class='ocrx_word' id='word_1_173' title='bbox 464 2037 540 2083; x_wconf 88' lang='lat' dir='ltr'>omnis</span> <span class='ocrx_word' id='word_1_174' title='bbox 550 2037 623 2083; x_wconf 84' lang='lat' dir='ltr'>Troia</span> <span class='ocrx_word' id='word_1_175' title='bbox 632 2036 707 2083; x_wconf 89' lang='lat' dir='ltr'>videri</span> 
     </span>
     <span class='ocr_line' id='line_1_29' title="bbox 178 2105 755 2160; baseline -0.01 -5"><span class='ocrx_word' id='word_1_176' title='bbox 178 2110 204 2155; x_wconf 89' lang='lat' dir='ltr'>et</span> <span class='ocrx_word' id='word_1_177' title='bbox 214 2108 328 2154; x_wconf 88' lang='lat' dir='ltr'>Danaum</span> <span class='ocrx_word' id='word_1_178' title='bbox 338 2106 421 2152; x_wconf 86' lang='lat' dir='ltr'>solitae</span> <span class='ocrx_word' id='word_1_179' title='bbox 431 2121 504 2152; x_wconf 87' lang='lat' dir='ltr'>naves</span> <span class='ocrx_word' id='word_1_180' title='bbox 514 2107 539 2152; x_wconf 92' lang='lat' dir='ltr'>et</span> <span class='ocrx_word' id='word_1_181' title='bbox 549 2105 656 2151; x_wconf 83' lang='lat' dir='ltr'>Achaica</span> <span class='ocrx_word' id='word_1_182' title='bbox 666 2105 755 2160; x_wconf 89' lang='lat' dir='ltr'>castra,</span> 
     </span>
     <span class='ocr_line' id='line_1_30' title="bbox 179 2171 748 2231; baseline -0.009 -10"><span class='ocrx_word' id='word_1_183' title='bbox 179 2174 286 2231; x_wconf 75' lang='lat' dir='ltr'>aggressi</span> <span class='ocrx_word' id='word_1_184' title='bbox 295 2173 360 2220; x_wconf 81' lang='lat' dir='ltr'>ferro</span> <span class='ocrx_word' id='word_1_185' title='bbox 370 2173 469 2228; x_wconf 88' lang='lat' dir='ltr'>circum,</span> <span class='ocrx_word' id='word_1_186' title='bbox 478 2188 525 2228; x_wconf 87' lang='lat' dir='ltr'>qua</span> <span class='ocrx_word' id='word_1_187' title='bbox 535 2187 630 2219; x_wconf 90' lang='lat' dir='ltr'>summa</span> <span class='ocrx_word' id='word_1_188' title='bbox 639 2171 748 2217; x_wconf 89' lang='lat' dir='ltr'>labantes</span> 
     </span>
     <span class='ocr_line' id='line_1_31' title="bbox 178 2237 767 2296; baseline -0.01 -7"><span class='ocrx_word' id='word_1_189' title='bbox 178 2242 304 2289; x_wconf 88' lang='lat' dir='ltr'>iuncturas</span> <span class='ocrx_word' id='word_1_190' title='bbox 314 2241 425 2288; x_wconf 83' lang='lat' dir='ltr'>tabulata</span> <span class='ocrx_word' id='word_1_191' title='bbox 435 2241 534 2296; x_wconf 87' lang='lat' dir='ltr'>dabant,</span> <span class='ocrx_word' id='word_1_192' title='bbox 546 2239 701 2290; x_wconf 85' lang='lat' dir='ltr'>convellimus</span> <span class='ocrx_word' id='word_1_193' title='bbox 711 2237 767 2284; x_wconf 87' lang='lat' dir='ltr'>eltis</span> 
     </span>
     <span class='ocr_line' id='line_1_32' title="bbox 179 2304 823 2365; baseline -0.011 -8"><span class='ocrx_word' id='word_1_194' title='bbox 179 2310 275 2357; x_wconf 87' lang='lat' dir='ltr'>sedibus</span> <span class='ocrx_word' id='word_1_195' title='bbox 284 2309 469 2365; x_wconf 85' lang='lat' dir='ltr'>impulimnsque</span> <span class='ocrx_word' id='word_1_196' title='bbox 480 2329 485 2354; x_wconf 90' lang='lat'><strong>:</strong></span> <span class='ocrx_word' id='word_1_197' title='bbox 501 2323 530 2354; x_wconf 88' lang='lat' dir='ltr'>ea</span> <span class='ocrx_word' id='word_1_198' title='bbox 539 2307 608 2362; x_wconf 88' lang='lat' dir='ltr'>lapsa</span> <span class='ocrx_word' id='word_1_199' title='bbox 617 2308 717 2361; x_wconf 88' lang='lat' dir='ltr'>repente</span> <span class='ocrx_word' id='word_1_200' title='bbox 727 2304 823 2351; x_wconf 89' lang='lat' dir='ltr'>ruinam</span> 
     </span>
     <span class='ocr_line' id='line_1_33' title="bbox 180 2372 821 2430; baseline -0.011 -5"><span class='ocrx_word' id='word_1_201' title='bbox 180 2394 235 2426; x_wconf 89' lang='lat' dir='ltr'>cum</span> <span class='ocrx_word' id='word_1_202' title='bbox 246 2379 326 2424; x_wconf 87' lang='lat' dir='ltr'>sonitu</span> <span class='ocrx_word' id='word_1_203' title='bbox 335 2378 413 2424; x_wconf 87' lang='lat' dir='ltr'>trahit</span> <span class='ocrx_word' id='word_1_204' title='bbox 423 2379 448 2423; x_wconf 92' lang='lat' dir='ltr'>et</span> <span class='ocrx_word' id='word_1_205' title='bbox 459 2378 572 2423; x_wconf 87' lang='lat' dir='ltr'>Danaum</span> <span class='ocrx_word' id='word_1_206' title='bbox 583 2390 655 2430; x_wconf 86' lang='lat' dir='ltr'>super</span> <span class='ocrx_word' id='word_1_207' title='bbox 664 2373 762 2429; x_wconf 80' lang='lat' dir='ltr'>agmina</span> <span class='ocrx_word' id='word_1_208' title='bbox 771 2372 821 2418; x_wconf 90' lang='lat' dir='ltr'>late</span> 
     </span>
    </p>
   </div>
   <div class='ocr_carea' id='block_1_3' title="bbox 229 2467 598 2572">
    <p class='ocr_par' dir='ltr' id='par_1_8' title="bbox 229 2467 598 2572">
     <span class='ocr_line' id='line_1_34' title="bbox 436 2467 598 2505; baseline -0.019 0"><span class='ocrx_word' id='word_1_209' title='bbox 436 2473 472 2505; x_wconf 77' lang='lat' dir='ltr'>as.</span> <span class='ocrx_word' id='word_1_210' title='bbox 493 2479 510 2503; x_wconf 76' lang='lat' dir='ltr'>a.</span> <span class='ocrx_word' id='word_1_211' title='bbox 520 2467 598 2503; x_wconf 66' lang='lat' dir='ltr'>inm:</span> 
     </span>
     <span class='ocr_line' id='line_1_35' title="bbox 229 2523 298 2572; baseline 0 -1"><span class='ocrx_word' id='word_1_212' title='bbox 229 2524 237 2570; x_wconf 94' lang='grc'><strong>(</strong></span> <span class='ocrx_word' id='word_1_213' title='bbox 248 2536 280 2572; x_wconf 85' lang='lat'>151</span> <span class='ocrx_word' id='word_1_214' title='bbox 290 2523 298 2570; x_wconf 92' lang='grc'><strong>)</strong></span> 
     </span>
    </p>
   </div>
   <div class='ocr_carea' id='block_1_4' title="bbox 0 0 1008 3164">
    <p class='ocr_par' dir='ltr' id='par_1_9' title="bbox 0 0 1008 3164">
     <span class='ocr_line' id='line_1_36' title="bbox 0 0 1008 3164; baseline 0 0"><span class='ocrx_word' id='word_1_215' title='bbox 0 0 1008 3164; x_wconf 95' lang='lat' dir='ltr'> </span> 
     </span>
    </p>
   </div>
  </div>
 </body>
</html>
