1972 3164
304 183 415 225 AENEIS.
441 183 485 224 ΧΠ

55 281 120 329 disce
129 283 209 337 tuum,
218 295 249 328 ne
256 295 295 328 me
304 280 407 338 incuses,
417 283 530 340 Iuturna,
541 283 655 331 dolorem.

56 349 112 406 Qua
120 349 172 396 visa
181 349 218 396 est
228 348 340 396 Fortuna
348 349 402 405 pati
412 350 548 406 Parcaeque
558 350 669 398 sinebant

56 418 141 465 cedere
150 432 189 463 res
199 416 278 473 Latio,
289 417 400 463 'Paruum
410 418 435 464 et
444 419 489 464 tua
498 419 592 466 moenia
600 419 663 466 texi:

57 500 124 533 nunc
133 484 245 532 iuvenem
253 485 387 541 imparibus
396 485 466 533 video
475 501 617 534 concurrere
627 487 695 544 fatis,

10 565 46 602 ¹5⁰
58 555 238 609 Parcarumque
250 553 300 600 dies
309 555 335 601 et
344 553 381 600 vis
390 553 488 601 inimica
497 555 651 611 propinquat.

57 622 114 669 Non
130 636 238 678 pugnam
256 620 363 677 aspicere
385 622 448 670 hanc
467 622 550 679 cordis,
568 638 617 670 uon
636 622 735 670 foedera

146 704 220 738 ssum.

58 757 99 805 Tu
108 705 152 814 dri>
161 772 277 815 germano
286 757 307 806 si
316 758 373 815 quid
382 759 532 814 praesentius
542 759 624 816 audes,

58 842 147 884 perge:
162 828 239 875 decet,
263 826 358 875 Forsan
368 828 466 875 miseros
476 828 575 875 meliora
584 832 733 885 sequentur:

58 895 108 943 Vix
117 911 154 952 ea,
164 911 220 943 cum
229 895 342 942 lacrimas
351 895 425 942 oculis
435 896 541 943 Iuturna
550 897 667 955 profudit,

58 965 144 1019 terque
154 965 286 1020 quaterque
295 978 370 1010 manu
379 965 462 1019 pectus
470 965 589 1019 percussit
597 965 733 1014 honestum.

36 1073 39 1077 .
60 1031 132 1078 ‘Non
141 1031 246 1079 lacrimis
256 1031 301 1078 hoc
310 1032 420 1086 tempus'
432 1032 468 1078 ait
478 1032 595 1078 Saturnia
604 1033 665 1080 Iuno
675 1053 680 1088 ;

60 1098 67 1120 ‘
77 1100 184 1147 accelera
193 1100 218 1147 et
228 1099 337 1156 fratrem,
348 1098 431 1154 siquis
441 1099 534 1156 modus,
545 1099 611 1154 eripe
620 1102 702 1159 morti,

60 1169 105 1214 aut
114 1169 144 1215 tu
152 1168 216 1215 bella
225 1168 260 1214 cie
269 1170 459 1222 conceptumque
469 1168 555 1213 excute
565 1167 650 1214 foedus
661 1189 668 1216 1

61 1237 147 1282 auctor
156 1250 201 1292 ego
210 1235 330 1283 audendi.’
362 1235 401 1282 Sic
409 1234 538 1281 exhortata
546 1234 644 1290 reliquit

10 1306 50 1345 160
60 1304 179 1351 incertam
189 1304 214 1350 et
224 1303 292 1350 tristi
300 1303 427 1350 turbatam
437 1302 536 1348 vulnere
547 1303 642 1352 mentis.

90 1373 188 1420 Interea
196 1387 274 1429 reges,
284 1372 378 1428 ingenti
387 1371 449 1418 mole
459 1371 563 1417 Latinus

60 1440 204 1497 quadriiugo
213 1440 311 1487 vehitur
320 1455 403 1496 curru,
414 1439 453 1486 cui
462 1441 572 1494 tempora
581 1441 672 1488 circum

60 1509 143 1557 aurati
151 1508 188 1556 bis
198 1523 240 1556 sex
249 1508 312 1555 radii
320 1507 441 1564 fulgentia
450 1507 560 1565 cingunt,

62 1577 124 1626 Solis
134 1577 174 1624 avi
183 1576 317 1633 specimen;
331 1575 392 1631 bigis
401 1575 422 1621 it
432 1576 530 1622 Turnus
540 1575 566 1621 in
577 1575 646 1632 albis,

60 1642 120 1690 bina
129 1657 204 1689 manu
212 1640 263 1688 lato
272 1641 381 1696 crispans
390 1639 489 1686 hastilia
498 1640 564 1688 ferro
574 1658 579 1695 ;

62 1711 119 1758 hinc
129 1712 200 1766 pater
208 1710 312 1766 Aeneas,
323 1710 446 1756 Romanae
457 1708 540 1763 stirpis
549 1707 624 1765 origo,

63 1779 156 1827 sidereo
165 1778 271 1834 &grans
281 1777 356 1834 clipeo
365 1778 390 1824 et
400 1776 541 1825 caelestibus
552 1775 635 1833 armis,

63 1849 89 1894 et
98 1847 168 1894 iuxta
177 1845 304 1902 Ascanius,
315 1860 417 1902 magnae
428 1860 481 1900 spes
491 1844 570 1891 altera
581 1844 683 1903 Romae,

63 1916 198 1972 procedunt
208 1915 304 1972 castris,
314 1929 422 1971 puraque
430 1914 457 1960 in
466 1915 533 1960 veste
543 1913 652 1960 sacerdos

14 2002 53 2039 170
64 1985 178 2042 saetigeri
187 1984 265 2032 fetum
276 1983 326 2030 suis
335 1983 504 2037 intonsamque
513 1980 636 2028 bidentem

63 2053 158 2108 attulit,
168 2052 322 2107 admovitqtre
331 2066 404 2107 pecus
413 2049 572 2106 flagrantibus
582 2048 638 2095 aris.

63 2120 106 2169 Illi
115 2120 147 2167 ad
157 2122 295 2178 surgentem
306 2118 414 2166 conversi
423 2117 516 2163 lumina
526 2117 599 2163 solem

64 2189 126 2236 dant
135 2189 219 2247 fruges
229 2187 340 2234 manibus
350 2186 434 2242 salsas,
445 2187 470 2232 et
479 2188 590 2240 tempora
600 2184 666 2232 ferro

65 2272 161 2306 summa
169 2257 257 2305 notant
268 2255 387 2311 pecudum
398 2253 535 2309 paterisque
546 2252 634 2299 altaria
644 2253 731 2300 libant.

65 2325 129 2371 Tum
139 2325 192 2380 pius
202 2324 297 2372 Aeneas
307 2323 392 2371 stricto
402 2322 436 2368 sio
445 2336 502 2368 ense
512 2322 627 2376 precatur
639 2340 645 2367 ε

65 2393 72 2414 ⁶
82 2393 144 2439 Esto
153 2408 218 2440 nunc
229 2392 269 2440 Sol
279 2391 349 2438 testis
359 2392 384 2437 et
395 2390 454 2436 haec
464 2388 524 2434 mihi
533 2389 610 2434 Terra
619 2386 725 2443 vocanti,

64 2476 138 2517 quam
148 2461 248 2517 propter
257 2462 339 2508 tantos
349 2458 417 2516 potui
427 2456 535 2514 perterre
545 2455 647 2511 labores,

115 2529 185 2581 (409)
