1972 3164
421 155 531 198 sams.
556 158 591 198 111

166 266 212 301 nee
221 252 275 300 visu
283 252 362 302 facilis
373 268 417 302 nec
427 254 495 302 dictu
504 254 608 302 affabilis
617 254 669 302 ulli.

169 320 307 369 Visceribus
317 321 459 370 miserorum
470 325 495 370 et
505 323 623 380 sanguine
633 323 741 371 vescitur
750 325 812 372 atro.

169 388 227 437 Vidi
235 391 339 447 egomet,
349 391 397 438 duo
407 390 436 438 de
446 406 547 438 numero
557 405 611 438 eum
622 406 723 446 corpora
732 394 816 439 nostro

168 472 258 514 prensa
266 472 341 505 manu
350 474 439 514 magna
449 459 527 506 medio
536 457 663 513 resupinus
672 459 698 505 in
708 459 780 507 antro

170 525 297 581 frangeret
306 526 338 573 ed
348 541 441 582 saxum,
452 526 564 582 sanieque
574 541 673 582 aspersa
681 528 799 575 natarent

170 593 263 651 limina,
272 593 321 640 vidi
330 596 385 641 atro
394 610 449 643 cum
459 595 568 642 membra
577 594 679 642 fluentia
690 594 749 643 tabo

172 662 300 710 manderet
309 663 334 709 et
343 662 420 718 tepidi
429 664 562 710 tremerent
572 663 617 711 snb
627 663 739 711 dentibus
748 664 827 710 artus.

172 731 248 778 Haud
257 730 355 786 impune
365 731 460 787 quidem
470 753 476 778 z
490 747 534 778 nec
543 731 604 778 talia
613 747 699 787 passus
709 731 802 789 Ulixes,

172 801 291 849 oblitusve
301 800 339 848 sui
347 802 386 848 est
395 800 494 848 Ithacus
505 801 640 848 discrimine
649 803 728 848 tanto.

123 879 163 929 630
175 870 242 918 Nam
251 867 324 916 simul
333 868 443 924 expletus
453 869 555 924 dapibus
565 869 666 925 vinoque
676 868 786 925 sepultus

175 937 292 986 cervicem
302 936 415 984 inflexam
425 937 512 994 posuit,
523 936 644 993 iacuitque
653 952 697 993 per
706 937 807 984 autrum

174 1007 315 1062 immensus,
325 1005 416 1052 saniem
424 1006 538 1052 eructans
547 1006 573 1052 et
582 1005 663 1052 frusta
672 1006 774 1053 cruento

176 1090 221 1131 per
230 1089 340 1122 somnum
351 1073 480 1120 commixta
487 1088 562 1129 mero,
572 1089 616 1121 noe
625 1089 716 1130 magna
725 1072 819 1129 precati

173 1143 275 1191 numina
285 1141 411 1197 sortitique
420 1142 483 1189 vices
492 1157 542 1188 una
551 1142 655 1197 undique
663 1142 755 1189 circum

175 1211 309 1268 fundimur,
320 1212 345 1258 et
354 1210 403 1257 telo
416 1209 498 1257 lumen
508 1210 659 1257 terebramus
669 1211 742 1256 acuto

175 1281 271 1339 ingens,
281 1279 345 1336 quod
352 1280 424 1326 torva
431 1279 509 1326 solum
523 1278 568 1325 sub
577 1278 658 1324 fronte
667 1276 769 1333 latebat,

176 1347 287 1408 Argolici
296 1347 366 1403 clipei
375 1348 419 1394 ant
429 1347 553 1394 Phoebeae
563 1345 682 1401 lampadis
691 1344 779 1400 instar,
855 1359 857 1362 ·

176 1419 202 1466 et
211 1417 310 1465 tandem
320 1415 379 1463 laeti
388 1415 506 1463 sociorum
515 1414 654 1462 ulciscimur
662 1413 769 1460 umbras.

177 1486 226 1534 Sed
235 1484 322 1542 fugito,
332 1499 347 1532 o
356 1484 446 1541 miseri,
456 1483 535 1542 fugite
545 1486 618 1538 010110
629 1481 659 1529 ab
669 1482 740 1528 litore
749 1480 833 1526 funem

129 1565 168 1615 640
176 1554 292 1611 rumpite.

178 1625 245 1672 Nam
255 1621 332 1679 qualis
341 1622 493 1677 quantusque
503 1635 562 1668 cavo
572 1618 732 1676 Polyphemus
742 1616 768 1663 iu
778 1616 850 1663 antro
859 1632 861 1634 ·

178 1692 300 1750 lanigeras
313 1689 404 1737 claudit
413 1689 516 1745 pecudes
525 1691 598 1744 atque
607 1688 683 1736 ubera
692 1687 795 1742 pressat,

179 1763 278 1811 centum
288 1759 330 1806 alii
339 1773 414 1805 curva
423 1757 483 1805 haec
492 1757 605 1804 habitant
615 1756 646 1802 ad
654 1756 727 1802 litora
736 1754 809 1810 vulgo

181 1827 278 1878 infandi
291 1826 407 1884 Cyclopes
414 1827 439 1872 et
449 1825 506 1873 altis
514 1825 635 1873 montibus
645 1825 736 1872 errant.

180 1897 266 1946 Tertia
274 1896 323 1943 iam
333 1895 405 1941 lunae
415 1909 440 1941 se
450 1909 540 1941 cornua
549 1893 639 1945 lumine
649 1891 779 1947 complent,

181 1982 237 2016 cum
246 1965 323 2012 vitam
332 1963 358 2010 in
368 1962 434 2009 silvis
443 1962 509 2010 inter
518 1962 614 2010 deserta
623 1961 731 2008 ferarum

180 2037 261 2083 lustra
270 2034 400 2089 domosque
409 2031 489 2088 traho,
496 2032 624 2086 vastosque
634 2029 664 2076 ab
674 2042 734 2084 rupe
742 2025 859 2082 Cyclopea

182 2103 302 2162 prospicio
311 2103 462 2157 sonitumque
471 2100 560 2156 pedum
570 2112 699 2153 vocemqua
708 2099 835 2142 tremesco.
852 2103 855 2109 ·

182 2173 284 2221 Victum
291 2170 420 2226 infelicem,
430 2169 503 2216 bacas
512 2168 667 2224 lapidosaque
678 2178 760 2218 corna,

136 2251 175 2300 650
183 2241 245 2289 daut
254 2240 325 2296 rami,
335 2241 360 2286 et
370 2237 445 2285 vulsis
454 2238 558 2292 pascunt
568 2233 688 2282 radicibus
697 2230 796 2277 herbae.

184 2309 274 2359 Omnia
284 2308 429 2356 collustrans
438 2307 502 2353 hauc
511 2305 617 2361 primum
627 2301 658 2348 ad
667 2300 741 2346 litora
750 2298 851 2344 classem

183 2376 445 2434 conspexivenientom.
472 2365 860 2429 Huicmaquaecumquefuisset,

299 2464 336 2498 bat.
357 2458 552 2502 ‘exspersa'flervius
559 2457 580 2492 et
586 2455 641 2492 codd.
649 2451 747 2489 nonnulli.

233 2517 243 2565 <
253 2515 305 2566 183)
