1972 3164
336 174 358 212 P.
372 172 491 212 VERGILI
504 171 635 211 Mauortis

147 272 248 328 exiguus
259 270 346 326 spatio,
357 270 430 317 variis
439 269 480 317 sed
489 268 577 315 fertilis
587 267 679 316 herbis.

148 341 182 388 nil
192 341 228 387 illi
238 340 316 395 derat,
327 339 390 394 quod
400 337 512 394 pauperis
520 337 596 393 exigit
606 353 681 393 usus;

148 409 271 455 interdum
281 407 387 462 locuples
398 423 413 453 a
423 421 527 462 paupere
537 405 610 462 plura
619 406 731 461 petebat.

149 493 193 523 nec
203 479 314 532 sumptus
324 478 378 522 erat
387 475 447 522 illud
457 490 524 531 opus,
536 475 577 522 sed
587 475 673 522 recula
683 491 758 523 curae
768 497 773 523 :

149 544 170 591 si
180 544 275 600 quando
285 559 388 590 vacuum
398 543 480 590 casula
489 543 615 599 pluviaeve
624 545 746 592 tenebant

149 612 243 659 iestave
252 611 303 667 lux,
314 611 335 657 si
342 610 405 657 forte
415 611 483 657 labor
492 611 603 658 cessabat
612 613 700 669 aratri,

150 680 215 726 horti
224 695 284 735 opus
294 679 354 725 illud
364 682 424 726 erat.
453 679 534 726 varias
544 680 671 735 disponere
681 681 782 736 plantas

113 768 138 804 70
149 749 221 795 norat
231 749 256 795 et
265 747 374 794 occultae
384 747 533 794 committere
544 747 637 794 semina
645 749 731 796 terrae

149 815 285 869 vicinosque
295 817 352 869 apte
362 815 426 862 circa
435 815 586 863 summittere
596 816 671 863 rivos.

149 884 188 931 hio
198 883 276 939 holus,
286 882 325 930 hic
335 882 385 930 late
394 882 524 931 fundentes
533 884 649 932 bracchia
656 884 732 932 betae

149 951 313 1006 fecundusque
322 966 408 998 rumex
417 952 557 1007 malvaeque
566 951 697 1008 inulaeque
707 953 829 1010 virebant,

149 1021 188 1068 hic
198 1020 257 1067 siser
267 1021 293 1066 et
302 1034 390 1067 nomen
399 1021 474 1076 capiti
483 1020 597 1068 debentia
606 1036 691 1078 porra,

152 1087 203 1148 [hic
212 1088 286 1136 etiam
296 1103 400 1136 nocuum
410 1089 484 1144 capiti
492 1088 645 1146 gelidumque
656 1089 789 1150 papaver‚]

149 1159 266 1214 grataque
276 1157 391 1204 nobilium
400 1157 493 1212 requies
503 1157 599 1205 lactuca
609 1157 729 1216 ciborum,

151 1260 276 1273 ......
292 1225 424 1280 crescitque
433 1225 458 1271 in
468 1225 580 1273 acumina
586 1224 665 1281 radix,

149 1296 175 1341 et
185 1293 266 1352 gravis
275 1293 301 1340 in
311 1292 390 1339 latum
399 1293 497 1341 dimissa
507 1293 634 1341 cucurbita
643 1295 766 1342 ventrem.
808 1320 813 1327 ·

149 1377 234 1409 verum
244 1361 282 1408 hic
292 1377 341 1408 non
351 1361 440 1408 domini
447 1362 507 1419 (quis
517 1362 581 1410 enirn
590 1363 742 1410 contractior
751 1363 796 1412 illo
802 1364 830 1422 t),

114 1441 138 1479 80
150 1431 192 1478 sed
202 1429 285 1486 populi
294 1430 424 1486 proventus
434 1433 496 1487 crat,
506 1431 623 1486 nonisque
633 1428 720 1478 diebus

150 1498 247 1545 venales
256 1513 341 1544 umero
350 1497 428 1545 fasces
438 1498 552 1554 portabat
562 1499 588 1546 in
598 1500 684 1547 urbem
694 1520 700 1546 ε

149 1566 205 1613 inde
215 1567 313 1613 domum
323 1566 414 1613 cervice
423 1566 491 1623 levis,
501 1567 582 1624 gravis
592 1583 648 1615 acre
657 1567 767 1625 redibat,

149 1634 190 1680 vix
199 1648 314 1689 umquam
323 1633 410 1680 urbani
420 1635 550 1681 comitatus
559 1650 639 1683 merce
647 1636 754 1683 macelli.

149 1718 209 1758 cepa
217 1703 306 1749 rubens
318 1702 424 1757 sectique
433 1704 522 1750 famem
532 1704 615 1750 domat
624 1719 683 1750 area
693 1704 771 1760 porri,

148 1786 255 1827 quaeque
265 1770 369 1817 trahunt
378 1771 429 1817 acri
438 1772 521 1818 vultus
534 1773 657 1818 nasturtia
666 1787 761 1830 morsu,

147 1839 271 1894 intibaque
280 1839 305 1885 et
314 1838 434 1885 Venerem
444 1855 558 1888 revocans
568 1855 641 1887 eruca
649 1841 800 1888 morantem.

176 1908 239 1954 Tum
264 1920 357 1961 quoque
379 1906 428 1953 tale
443 1905 540 1964 aliquio
550 1908 670 1956 meditans
688 1908 831 1957 intraverat

203 1974 310 2022 hortum.

148 2059 176 2091 ac
186 2044 291 2099 primum
301 2044 386 2092 leviter
397 2045 479 2101 digitis
489 2045 575 2092 tellure
584 2044 680 2091 refossa

147 2113 264 2166 quattuor
274 2113 354 2159 educit
364 2130 418 2160 cum
429 2113 510 2169 spissis
520 2113 577 2159 allia
586 2113 665 2168 fibris;

112 2202 137 2239 90
147 2179 203 2226 inde
214 2196 293 2227 comas
304 2181 352 2236 apii
361 2182 462 2237 graciles
472 2183 600 2236 rutamque
610 2181 733 2237 rigentem

147 2248 214 2294 vellit
225 2251 250 2294 et
260 2249 347 2303 exiguo
356 2249 483 2296 coriandra
492 2249 621 2296 trementia
631 2249 680 2295 filo.

147 2315 206 2362 haec
216 2316 257 2362 ubi
267 2316 371 2372 collegit,
383 2317 487 2368 †laetum
499 2317 605 2363 consedit
615 2317 647 2362 ad
656 2317 740 2372 ignem

147 2384 172 2429 et
182 2383 249 2430 clara
256 2384 374 2430 famulam
384 2385 461 2439 poscit
471 2384 589 2430 mortaria
598 2400 664 2432 voce.

147 2450 247 2565 Siniuli
252 2453 306 2565 tum
317 2453 422 2507 capitum
434 2453 523 2499 nodoso
533 2453 622 2499 cortice
630 2453 710 2500 nudat

212 2532 235 2566 47
