1972 3164
310 185 420 226 mols,
445 185 490 225 XII

60 281 139 327 matre
149 282 224 337 caret,
235 281 362 337 posuitqde
372 297 451 329 comas
461 283 487 330 et
496 281 609 330 bracchia
618 282 692 339 ferro,

11 367 49 392 210
59 348 118 395 olim
128 348 206 406 arbos,
217 364 282 396 nunc
292 348 390 397 artificis
400 365 486 397 manus
496 365 550 398 aere
559 351 645 398 decoro

59 415 166 473 inclusit,
177 416 333 473 patribusque
343 417 409 465 dedit
418 421 515 475 gestare
524 419 636 467 Latinis!

59 484 159 532 Talibus
169 485 233 531 inter
242 499 267 532 se
277 485 408 534 firmabant
417 486 515 534 foedera
528 487 599 535 dictis

58 553 190 608 conspectu
198 552 225 598 in
235 553 312 600 medio
322 569 455 609 procerum.
486 555 548 602 'lum
559 556 606 603 rite
616 557 724 603 sacratas

57 619 85 667 in
94 620 217 667 flammam
226 620 339 678 iugulant
348 623 459 680 pecudes,
470 624 495 670 et
504 623 596 670 viscera
605 624 666 671 vivis

58 688 165 744 eripiunt
175 689 347 746 cumulantque
357 692 463 739 oneratis
472 691 580 739 lancibus
591 706 654 740 aras.

86 757 122 804 At
131 772 189 804 vero
199 757 298 805 Rutulis
308 758 387 815 imper
396 775 426 807 ea
434 775 517 816 pugna
525 760 601 807 videri

57 824 199 872 iamdudum
209 828 234 873 et
241 827 309 874 vario
317 827 413 876 misceri
422 830 519 884 pectora
528 831 597 876 motu
605 848 611 885 ς

58 894 113 940 tum
122 893 209 952 magis,
219 897 248 941 ut
258 895 357 951 propius
367 898 470 944 cernunt
480 912 528 944 non
541 897 632 944 viribus
642 897 732 954 aequis.

58 960 167 1009 Adiuvat
176 962 272 1010 incessu
281 964 357 1012 tacito
365 981 506 1022 progressus
516 966 542 1012 et
551 980 619 1012 aram

10 1045 50 1074 220
59 1030 201 1085 suppliciter
209 1046 326 1079 venerans
336 1032 439 1080 demisso
448 1033 539 1079 lumine
549 1032 654 1090 Turnus,

58 1097 216 1154 tabentesque
226 1115 301 1156 genae
311 1102 337 1147 et
346 1100 453 1148 iuvenali
461 1101 488 1147 in
497 1114 596 1156 corpore
607 1100 692 1155 pallor.

59 1164 137 1223 Quem
147 1166 218 1213 simul
227 1182 256 1215 ac
266 1168 373 1215 Iuturna
382 1184 450 1216 soror
460 1167 609 1215 crebrescere
617 1168 678 1214 vidit

57 1247 192 1282 sermonem
201 1236 226 1281 et
236 1235 305 1293 vulgi
314 1236 410 1283 variare
419 1235 531 1282 labantia
540 1235 622 1291 corda,

56 1300 83 1350 in
92 1302 182 1349 medies
191 1302 263 1360 acies,
274 1303 379 1351 formam
389 1303 534 1351 assimulata
544 1302 651 1350 Camerti

57 1369 106 1427 (oui
116 1386 192 1429 genus
202 1386 217 1417 a
227 1371 324 1427 proavis
333 1371 428 1427 ingens,
440 1371 581 1426 clarumque
591 1372 707 1426 paternae

55 1453 144 1486 nomen
154 1440 208 1485 erat
217 1440 327 1495 virtutis,
337 1439 424 1494 etipse
434 1438 568 1486 acerrimus
577 1438 668 1495 armis),

55 1505 83 1554 in
90 1507 181 1554 medias
191 1506 234 1554 dat
244 1523 295 1554 sese
305 1507 368 1554 acies
378 1506 445 1554 haud
454 1507 536 1554 nescia
545 1520 635 1562 rerum,

55 1588 213 1629 rumoresque
223 1574 283 1621 serit
292 1575 372 1621 varios
382 1590 412 1622 ao
421 1575 483 1622 talia
492 1574 576 1622 fatur:

57 1643 130 1691 ‘Non
140 1642 224 1699 pudet,
235 1657 250 1690 o
259 1642 356 1699 Rutuli,
367 1642 515 1699 procuretis
525 1642 614 1689 talibus
624 1657 698 1689 unam

10 1729 47 1770 ψ
57 1711 180 1759 obiectare
189 1709 313 1757 animam?
327 1725 459 1758 numerous
468 1726 501 1758 an
510 1711 600 1757 vi1ibus
610 1709 680 1766 aequi

57 1794 108 1827 non
117 1781 220 1826 sumus?
233 1793 264 1825 en
274 1792 356 1826 omnes
365 1781 391 1826 et
402 1780 477 1826 Troes
484 1781 510 1827 et
517 1779 623 1826 Arcades
633 1778 658 1825 bi
667 1780 733 1835 suut,

56 1847 192 1904 fatalesque
202 1862 297 1903 manus,
307 1845 403 1894 infensa
412 1847 516 1894 Etruria
525 1848 607 1894 Turno
616 1867 621 1894 :

56 1915 98 1962 vix
107 1915 210 1972 hostem,
221 1915 310 1962 alterni
320 1915 341 1962 si
350 1915 542 1972 congrediamur,
552 1914 676 1962 habemus.

56 1983 102 2031 Ille
112 1984 207 2040 quidem
217 1984 249 2030 ad
258 1999 366 2041 superos,
378 1999 480 2040 quorum
491 1999 515 2030 se
525 1983 626 2031 devovet
636 1983 693 2038 aris,

56 2051 171 2100 suecedet
180 2051 248 2098 fama
256 2051 373 2107 vivusque
383 2068 427 2108 per
436 2067 479 2100 ora
488 2052 583 2098 feretur
592 2071 597 2098 :

56 2133 101 2166 nos
111 2119 192 2175 patria
201 2119 290 2166 amissa
299 2119 401 2167 dominis
411 2135 497 2175 parere
507 2119 616 2174 superbis

57 2201 181 2244 cogemur,
191 2186 232 2242 qui
241 2202 305 2234 nunc
315 2187 376 2234 lenti
386 2188 536 2235 consedimus
546 2187 628 2234 arvis.’

58 2254 159 2301 Talibus
166 2254 264 2302 incensa
272 2257 309 2302 est
318 2256 433 2303 iuvenum
443 2255 564 2302 sententia
574 2255 644 2301 dictis

57 2321 107 2370 iam
126 2322 202 2379 magis
221 2324 294 2379 atqde
318 2325 404 2381 magis,
425 2324 546 2378 serpitque
570 2338 613 2378 per
637 2320 735 2377 agmina

115 2406 225 2438 murmur
236 2411 242 2447 ;
258 2413 263 2424 ·

107 2537 117 2586 (
169 2537 178 2585 )
229 2488 265 2520 221.
287 2482 565 2526 ‘pubentes’ooddplerlqua

125 2550 159 2586 411
