1972 3164
441 170 464 210 P.
477 170 598 210 VERGILI
610 169 739 211 MARONIS

250 280 351 322 corpora
360 280 404 322 per
413 267 502 324 terras,
513 266 633 323 silvaeque
643 269 668 314 et
678 282 751 314 saeva
761 266 877 324 quierant

250 349 363 392 aequora,
374 350 429 382 cum
439 334 518 382 medio
526 335 657 383 volvuntur
667 336 747 384 sidera
757 336 838 394 lapsu,

251 419 307 452 cum
317 406 384 451 tacet
393 403 470 451 omnis
480 418 546 462 ager,
556 405 659 460 pecudes
670 405 797 461 pictaeque
806 406 925 466 volucres,

251 488 359 529 quaeque
368 473 435 520 lacus
445 472 495 519 late
504 472 606 528 liquidos
616 488 725 529 quaeque
735 489 824 530 aspera
833 475 913 522 dumis

251 556 311 588 rura
319 542 413 597 tenent,
424 555 507 588 somno
517 540 611 596 positae
622 541 666 588 snb
677 543 748 588 noete
760 543 843 590 silenti

254 607 375 668 [lenibant
384 625 464 666 curas,
475 610 500 656 et
510 609 583 657 corda
592 609 669 656 oblita
677 608 812 670 laborum].

252 678 288 724 At
297 692 345 724 non
354 677 439 724 infelix
448 678 524 724 animi
537 677 678 735 Phoenissa,
688 694 766 734 neque
776 695 891 736 umquam

204 763 242 800 ⁵³0
252 744 355 792 solvitur
364 745 495 793 insomnes
505 746 610 793 oculisve
620 748 664 793 aut
674 749 770 803 pectore
780 751 877 796 noctem

252 814 354 870 accipit:
368 814 520 872 ingeminant
530 830 612 872 curce,
622 830 754 870 rursusque
764 831 893 873 resurgens

252 882 329 930 saevit
339 898 415 940 amor,
426 898 560 939 magnoque
570 882 663 930 irarum
672 883 778 930 fluctuat
788 886 867 932 aestu.

253 950 292 998 Sic
301 951 361 998 adeo
368 950 461 997 insistit
471 966 599 1005 secumque
609 950 646 997 ita
655 951 726 998 corde
736 951 834 998 volutat
844 973 850 999 ε

253 1023 259 1044 ‘
269 1019 309 1066 En
318 1018 375 1074 quid
385 1022 449 1076 ego?
462 1035 579 1066 rursusne
589 1035 674 1075 procos
684 1019 757 1066 irrisa
766 1020 860 1076 priores

252 1087 371 1143 experiar,
382 1088 568 1143 Nomadumque
578 1089 661 1143 petam
676 1087 780 1134 conubia
790 1088 901 1145 supplex,

253 1171 312 1212 quos
322 1172 366 1213 ego
377 1156 422 1203 sim
433 1155 523 1203 totiens
536 1155 586 1202 iam
596 1155 727 1212 dedignata
737 1156 856 1202 maritos?

254 1224 340 1272 Iliacas
350 1224 427 1281 igitur
437 1224 525 1271 classes
536 1225 609 1279 atque
619 1223 710 1270 ultimo
720 1224 843 1271 Teucrum

253 1293 320 1340 iussa
330 1296 432 1349 sequor?
446 1292 532 1348 quiane
541 1291 631 1339 auxilio
640 1291 709 1339 iuvat
719 1293 777 1338 ante
787 1292 880 1339 levatos

254 1363 280 1408 et
288 1362 349 1410 bene
360 1363 425 1418 opud
435 1376 552 1408 memores
561 1360 650 1408 veteris
660 1362 711 1407 stat
720 1361 803 1417 gratia
812 1360 890 1408 lecti?

207 1447 244 1485 540
255 1430 308 1486 quis
318 1446 355 1478 me
365 1432 456 1488 autem,
464 1429 504 1477 luc
513 1428 582 1487 velle,
593 1429 656 1477 sinet
663 1429 787 1477 ratibusve
798 1429 909 1485 superbis

255 1498 358 1545 invisam
368 1499 487 1554 accipiet?
501 1496 577 1544 nescis
587 1496 643 1553 heu,
655 1497 758 1553 perdita,
770 1497 873 1544 necdum

255 1566 447 1614 Laomedonteae
457 1565 531 1613 sentis
542 1564 649 1620 periuria
658 1564 754 1621 gentis?

255 1634 319 1691 Quid
328 1636 400 1682 tum?
413 1635 464 1682 sola
473 1634 533 1690 fuga
543 1635 631 1680 nautas
641 1633 774 1680 comitabor
784 1634 903 1680 ovantes?

254 1718 286 1749 an
297 1702 377 1757 Tyriis
389 1702 501 1757 omnique
511 1717 586 1748 manu
595 1701 687 1756 stipata
696 1715 806 1748 meorum

253 1769 346 1816 inferar
355 1771 388 1825 et,
399 1785 458 1824 quos
469 1768 567 1817 Sidonia
575 1769 617 1815 vix
625 1768 685 1816 urbe
695 1769 786 1825 revelli,

254 1852 338 1884 rursus
348 1852 421 1892 agam
435 1838 521 1894 pelago
531 1838 556 1884 et
565 1838 644 1884 ventis
654 1838 712 1884 dare
726 1837 780 1884 vela
790 1837 894 1885 iubebo?

255 1905 318 1962 Quin
328 1920 430 1961 morere,
438 1908 467 1952 ut
473 1906 561 1953 merita
570 1921 605 1962 es,
612 1905 723 1961 ferroque
731 1908 814 1952 averte
820 1906 937 1953 dolorem.

255 1974 295 2021 Tu
303 1972 409 2020 lacrimis
420 1974 498 2021 evicta
507 1975 575 2030 meis,
585 1975 615 2020 tu
625 1974 704 2030 prima
713 1974 845 2031 furentem,

255 2057 270 2089 o
279 2057 404 2099 germana,
415 2042 485 2089 malis
495 2057 589 2098 oneras,
601 2044 673 2096 atque
683 2041 765 2088 obiicie
775 2041 848 2088 hosti.

208 2116 245 2154 550
256 2111 312 2159 Non
322 2110 391 2157 licuit
400 2110 503 2157 thalami
512 2111 636 2166 expertem
647 2110 698 2156 sine
709 2110 808 2157 crimine
817 2110 895 2156 vitam

256 2181 351 2237 degere,
361 2194 429 2226 more
439 2178 513 2235 ferae,
524 2178 586 2226 tales
596 2194 641 2226 nec
651 2179 752 2235 tangere
762 2193 833 2225 curas
846 2181 851 2224 !

256 2264 304 2296 non
315 2251 412 2296 servata
420 2249 479 2295 fides
489 2247 564 2295 cineri
573 2247 692 2302 promissa
703 2245 817 2302 Sychaei!
828 2247 833 2266 ’

257 2317 349 2364 Tantos
359 2316 402 2363 illa
413 2331 455 2363 suo
465 2315 593 2371 rumpebat
603 2317 701 2370 pectore
711 2316 818 2370 questus.

285 2383 381 2431 Aeneas
392 2384 456 2432 celsa
465 2383 491 2430 in
505 2383 588 2439 puppi,
599 2383 647 2429 iam
659 2386 741 2430 certus
750 2383 830 2440 eundi,

472 2472 507 2502 552.
529 2467 633 2509 ‘Sychaeo'
641 2467 725 2503 Servius.

308 2520 315 2566 l
326 2534 361 2568 204
371 2520 379 2566 >
