1972 3164
366 187 388 225 P.
402 183 521 224 vasam
534 182 665 222 MARONIS

178 290 232 334 tum
242 285 339 341 capitur
348 285 450 341 Megara
459 285 484 330 et
494 283 575 328 divum
585 295 707 336 responsa
716 280 859 339 probantur,

179 357 233 401 tum
244 368 361 409 suspensa
369 367 431 399 novo
440 352 491 397 ritu
501 350 530 397 de
540 349 643 397 navibus
653 349 714 395 altis

132 436 169 473 390
181 438 225 478 per
235 437 302 468 marc
313 420 449 468 caeruleum
458 418 568 465 trahitur
576 417 662 464 Niseia
671 417 752 476 virgo.

182 489 308 544 conplures
318 488 385 534 illam
395 486 514 542 nymphae
524 485 649 532 mirantur
657 485 684 531 in
694 487 776 542 undis,

181 558 286 603 miratur
295 558 366 612 pater
374 556 483 602 Oceanus
493 557 519 600 et
529 553 633 601 candida
643 554 739 610 Tethys

181 626 207 671 ct
216 624 316 679 cupidas
326 638 406 670 secum
416 623 512 678 rapiens
523 621 626 668 Galatea
635 636 740 669 sorores.

181 692 248 738 illam
258 692 341 747 ctiam,
352 691 440 737 iunctis
451 704 567 746 magnum
577 704 639 745 quac
649 690 758 745 piscibus
767 706 857 747 aequor

181 761 206 806 ct
217 759 303 817 glauco
311 758 425 813 bipedum
437 773 511 804 curru
520 757 622 804 metitur
632 773 760 815 equorum,

182 826 320 872 Leucothea
329 841 466 881 parvusque
476 827 522 873 dea
530 841 586 873 cum
593 827 673 872 matre
684 827 828 882 Palaemon,

181 893 248 939 illam
258 893 340 949 etiam,
351 893 458 940 alternas
469 893 549 940 sortiti
559 893 640 941 vivere
648 892 725 950 luces,

182 977 240 1008 cara
249 962 313 1008 Iovis
323 961 425 1018 suboles,
436 977 552 1018 magnum
563 962 628 1009 Iovis
638 962 828 1020 incrementum,

184 1030 338 1086 Tyndaridae
347 1031 429 1077 niveos
439 1030 562 1077 mirantur
571 1030 673 1086 virginis
683 1032 762 1077 artus.

136 1113 172 1148 400
183 1098 227 1145 has
238 1099 297 1146 adeo
306 1114 375 1146 voces
385 1100 457 1154 atoue
466 1099 526 1146 haec
535 1098 644 1145 lamenta
653 1114 698 1153 per
708 1114 783 1146 auras

184 1166 296 1214 fluctibus
306 1167 331 1214 in
341 1167 425 1214 modiis
435 1168 521 1222 questu
531 1167 644 1214 volvebat
653 1167 732 1224 inani,

184 1235 215 1281 ad
225 1235 318 1282 caelum
328 1235 412 1282 infelix
420 1235 532 1283 ardentia
540 1234 634 1281 lumina
642 1236 756 1293 tendens,

183 1303 277 1349 lumina
286 1323 291 1349 ι
305 1318 363 1349 nam
372 1304 469 1350 teneras
479 1303 595 1350 arcebant
604 1303 704 1351 vincula
714 1304 811 1359 palmas
820 1325 826 1352 ε

184 1368 341 1426 ‘supprimite
352 1371 483 1426 opaullum
493 1370 586 1417 turbati
596 1371 696 1418 flamina
705 1372 783 1429 venti,

183 1438 242 1485 dum
251 1453 346 1494 queror,
356 1441 381 1485 ot
391 1439 458 1486 divos
468 1439 622 1495 (quamquam
632 1439 666 1485 nil
676 1440 783 1487 testibus
792 1441 841 1488 illis

184 1506 284 1561 profeci)
294 1508 402 1553 extrema
412 1507 516 1554 moriens
526 1510 609 1554 tamen
618 1508 736 1563 adloquor
745 1508 817 1557 hora.

183 1589 225 1620 vos
235 1589 287 1630 ogo,
298 1589 339 1621 vos
350 1575 416 1630 adeo,
427 1575 502 1631 venti,
512 1576 628 1632 testabor,
637 1577 662 1622 et
672 1590 757 1633 aurae,

184 1657 234 1698 vos,
245 1642 331 1688 horum
341 1643 442 1698 antiqua
451 1643 512 1699 siqui
522 1645 551 1691 de
560 1646 632 1700 gente
642 1645 732 1691 venitis
742 1666 747 1692 :

184 1710 296 1756 cernitis?
312 1710 355 1756 illa
364 1726 409 1766 ego
419 1726 472 1757 sum
482 1714 586 1769 cognato
598 1712 716 1768 sauguine
727 1713 797 1760 vobis

136 1798 173 1834 410
185 1777 265 1833 Scylla
275 1778 346 1833 (quod
356 1793 370 1824 ο
380 1778 448 1826 salva
458 1779 530 1827 liceat
539 1781 564 1827 te
574 1780 660 1837 dicero,
671 1780 786 1838 Procne),

182 1845 226 1892 illa
235 1860 279 1902 ego
288 1860 341 1890 sum
352 1846 406 1892 Nisi
416 1848 529 1901 pollentis
539 1849 588 1896 filia
597 1849 728 1906 quondam,

182 1913 293 1961 certatim
303 1928 333 1959 ex
341 1914 407 1959 omni
417 1916 488 1969 petiit
497 1932 568 1972 quam
579 1916 680 1964 Graecia
689 1933 776 1974 regno,

183 1998 230 2038 qua
240 1997 328 2029 curvus
338 1983 417 2029 terras
427 1984 584 2039 amplectitur
594 1985 779 2040 Hellespontus.

182 2051 225 2097 illa
234 2066 279 2109 ego
289 2067 351 2107 sum,
363 2052 452 2109 Minos,
463 2055 558 2100 sacrato
568 2053 664 2100 foedere
675 2054 783 2100 coniunx

183 2121 249 2166 dicta
258 2120 303 2166 tibi
313 2141 318 2166 ε
330 2122 411 2166 tamen
421 2121 489 2177 haec,
500 2122 547 2168 etsi
556 2137 604 2167 non
615 2122 711 2179 aspicis,
723 2123 804 2170 andis.

182 2189 295 2235 vinctano
303 2190 354 2234 tam
364 2188 446 2244 magni
456 2189 558 2236 tranabo
567 2189 671 2245 gurgitis
681 2190 777 2237 undas?

181 2256 264 2303 vincta
273 2258 310 2302 tot
320 2257 431 2302 adsiduas
441 2256 549 2311 pendebo
560 2273 589 2302 cx
599 2257 681 2304 ordine
691 2257 776 2305 luces?

181 2338 229 2369 non
240 2324 348 2377 equidem
358 2339 396 2370 me
406 2324 453 2369 alio
462 2339 559 2379 possum
570 2325 715 2371 contendere
725 2327 829 2382 dignam

182 2392 306 2447 supplicio,
317 2392 379 2446 quod
388 2392 421 2438 sic
431 2393 536 2446 patriam
547 2407 661 2447 carosque
672 2396 772 2448 penates

137 2481 172 2516 420
182 2458 290 2504 hostibus
301 2460 425 2515 inmitique
435 2461 515 2507 addixi
524 2461 611 2516 ignara
620 2462 734 2515 tyranno.

228 2523 297 2576 (470)
