1972 3164
432 179 543 221 AENEIS.
568 180 590 220 V

170 277 303 334 praesentis
317 277 400 324 terrae
409 277 515 334 fatisque
525 279 637 326 vocantia
645 294 736 337 regna:

170 358 229 392 cnm
239 342 285 390 dea
294 358 319 390 se
329 344 427 400 paribus
437 361 481 401 per
491 346 584 393 caelum
595 347 695 396 sustulit
705 347 749 395 slis

169 413 343 470 ingentemque
351 412 411 469 fuga
421 413 498 461 secuit
508 414 553 461 sub
562 414 667 462 nubibus
676 431 769 463 arcum.

171 481 238 529 Tum
246 495 305 528 vero
314 481 434 529 attonitae
443 482 558 529 monstris
569 484 684 540 actaeque
693 483 777 531 furore

122 551 164 597 ⁶⁶0
171 549 336 605 conclamant,
346 550 491 606 rapiuntque
501 550 562 598 focis
572 552 736 607 penetralibus
745 552 835 610 ignem,

171 633 230 676 pars
240 617 347 674 spoliant
356 633 421 676 ares,
432 618 544 666 frondem
553 634 582 666 ac
591 619 699 676 virgulta
708 620 820 676 facesque

172 686 311 734 coniiciunt.
341 685 414 733 Furit
423 687 536 734 immissis
546 687 670 735 Vulcanus
680 688 780 736 habenis

172 756 284 802 transtra
293 769 337 810 per
346 755 372 802 et
382 771 460 802 remos
471 757 497 803 et
506 756 584 811 pictas
594 755 672 803 abiete
681 772 782 812 puppes.

172 821 282 869 Nuntius
292 823 413 870 Anchisae
423 824 455 870 ad
464 824 587 870 tumulum
597 839 731 879 cuneosque
740 824 832 872 theatri

173 890 284 940 itacensas
294 890 387 946 perfert
396 906 471 939 naves
483 892 608 949 Eumelus,
618 893 643 938 et
651 892 698 948 ipsi

172 958 307 1017 respiciunt
317 961 398 1006 atram
406 960 432 1006 in
441 960 523 1007 nimbo
532 960 635 1007 volitare
644 960 764 1008 favillam.

174 1027 273 1074 Primus
282 1028 308 1074 et
317 1027 446 1085 Ascanius,
457 1043 541 1075 cursus
551 1031 581 1075 ut
589 1028 668 1074 laetus
676 1030 798 1084 equestres

174 1094 288 1152 ducebat,
299 1095 333 1142 sic
342 1110 399 1143 acer
408 1110 469 1151 equo
477 1097 579 1143 turbata
587 1096 675 1152 petivit

175 1164 268 1221 eastra,
279 1178 324 1210 nec
334 1164 456 1211 exanimes
466 1167 567 1220 possunt
576 1165 680 1212 retinere
689 1164 808 1221 magistri.

124 1241 166 1294 ⁶70
177 1231 185 1253 ‘
195 1230 255 1288 Quis
269 1231 340 1279 furor
353 1232 400 1280 iste
414 1237 508 1280 novus?
527 1248 574 1290 quo
587 1247 660 1290 nunc,
674 1248 721 1288 quo
734 1231 850 1289 tenditis,'

232 1299 321 1357 inquit,

174 1365 239 1414 ‘heu
248 1367 350 1416 miserae
360 1369 440 1417 cives?
458 1385 506 1416 non
515 1369 610 1417 hostem
620 1369 762 1423 inimicaque
772 1368 853 1416 castra

174 1435 305 1494 Argivum,
315 1439 409 1485 vestras
419 1453 474 1494 spes
484 1437 563 1484 uritis.
594 1437 642 1495 En,
653 1452 698 1494 ego
707 1437 788 1484 vester

175 1504 311 1553 Ascanius!
321 1506 328 1527 ’
358 1507 459 1554 Galeam
469 1508 526 1554 ante
536 1506 608 1562 pedes
618 1505 719 1562 proiecit
728 1504 833 1562 inanem,

175 1587 226 1628 qua
235 1571 292 1620 lude
301 1573 401 1625 indutus
410 1575 468 1622 balli
477 1574 607 1621 simulacra
616 1573 702 1621 ciebat.

176 1640 305 1689 Accelerat
315 1642 387 1689 simul
396 1642 499 1700 Aeneas,
511 1641 582 1689 simul
592 1641 690 1698 agmina
700 1641 829 1688 Teucrum.

176 1709 226 1758 Ast
235 1709 291 1757 illae
300 1709 396 1758 diversa
405 1713 473 1758 metu
482 1726 526 1766 per
534 1711 608 1757 litora
617 1710 707 1766 passim

176 1777 319 1835 diffugiunt,
330 1778 448 1835 silvasque
459 1780 483 1825 et
493 1779 568 1826 sicubi
577 1794 682 1826 concava
692 1778 779 1825 furtim

176 1859 239 1896 saxa
247 1847 351 1902 petunt;
367 1846 435 1904 piget
443 1846 534 1902 incepti
543 1846 658 1904 lucisque,
671 1861 773 1902 suosque

178 1915 289 1961 mutatae
299 1915 442 1971 agnoscunt,
453 1929 597 1970 excussaque
606 1916 703 1971 pectore
713 1915 776 1961 Iuno
785 1914 831 1962 est.

127 1986 170 2028 ⁶80
180 1981 228 2029 Sed
237 1997 287 2029 non
295 1982 385 2030 idcireo
394 1982 492 2029 flamma
501 1984 574 2038 atque
582 1983 694 2030 incendia
701 1983 764 2028 vires

177 2050 310 2098 indomitas
319 2065 420 2106 posuere
429 2070 436 2107 3
450 2051 498 2097 udo
507 2051 552 2097 sub
562 2051 647 2098 robore
656 2050 718 2096 vivit

177 2120 270 2174 stuppa
278 2133 378 2166 vomens
387 2119 485 2166 tardum
494 2118 597 2175 fumum,
608 2117 735 2171 lentusque
744 2118 840 2162 carium

178 2188 217 2234 est
227 2202 310 2244 vapor,
320 2188 346 2234 et
355 2189 407 2233 toto
418 2187 542 2234 deseendit
551 2200 649 2241 corpore
659 2183 743 2240 pestis,

178 2269 224 2302 uec
232 2253 296 2302 vires
306 2255 407 2302 heroum
416 2254 544 2310 infusaque
554 2254 655 2300 flumina
663 2251 775 2307 prosunt.

179 2323 245 2371 Tum
255 2322 309 2378 pius
318 2322 413 2370 Aeneas
423 2322 513 2369 umeris
522 2321 661 2368 abscindere
671 2319 763 2366 vestem

179 2391 316 2447 auxilioque
325 2406 411 2439 vocare
421 2392 478 2438 deos
488 2393 513 2438 et
522 2390 622 2437 tendere
631 2388 738 2444 palmosa

181 2459 187 2481 ‘
197 2459 310 2515 Iuppiter
319 2460 478 2516 omnipotens,
489 2458 626 2506 sinendum
636 2471 721 2503 exosus
731 2456 763 2502 ad
772 2471 847 2502 unum

228 2527 281 2576 <231
291 2527 299 2576 )
