1972 3164
357 165 379 203 P.
393 163 512 202 VERGILI
525 162 656 202 MARONIS

167 265 253 312 contra
262 261 313 310 tela
322 261 393 319 furit,
403 276 501 317 seseque
511 259 578 307 haud
588 259 672 307 nescia
681 260 760 308 morti

167 332 244 380 iniicit
254 333 279 379 et
290 331 356 378 saltn
366 345 441 386 supra
450 328 570 376 venabula
580 328 671 384 fertur,

168 401 234 448 haud
244 400 317 447 aliter
326 399 419 446 iuvenis
429 397 519 445 medios
528 397 664 444 moriturus
674 397 700 444 in
711 397 795 446 hostes

167 469 241 516 irruit
251 471 285 526 et,
296 484 344 524 qna
352 468 403 515 tela
412 466 479 514 videt
488 465 641 523 densissima,
652 466 744 514 tendit.

168 539 204 585 At
214 536 316 594 pedibus
325 536 396 592 longe
405 535 491 582 mehor
500 534 580 591 Lycus
589 535 657 582 inter
666 538 692 582 et
701 536 786 585 hostes

168 607 234 654 inter
243 607 268 653 et
278 621 348 652 arma
356 604 418 661 iuga
427 618 509 650 muros
519 604 596 660 tenet,
604 603 704 660 altaque
715 607 796 652 certat

169 674 288 731 prendere
297 674 365 721 tecta
373 688 449 719 manu
458 671 596 728 sociumque
605 673 731 729 attingere
742 674 849 721 dextrae.

169 742 247 799 Quem
257 742 363 797 Turnus,
374 740 467 797 pariter
477 756 551 788 cursu
559 739 656 796 teloque
666 743 775 798 secutus,

121 814 158 861 560
168 809 280 866 increpat
289 810 326 857 his
336 809 429 856 uictor:
443 809 579 856 Nostraene
589 809 701 866 evadere,
713 810 823 866 demens,

169 878 274 935 sperasti
284 880 309 926 te
319 893 388 935 posse
395 893 482 925 manus
489 877 512 924 F'
529 877 601 925 simul
612 877 700 934 arripit
710 877 792 935 ipsum

169 948 314 1004 pendentem
324 949 349 995 et
358 961 449 1003 magna
458 945 523 993 muri
533 961 589 994 cum
599 947 671 1002 parto
680 947 788 995 revellit.

169 1016 253 1073 Qualis
259 1015 301 1062 uhi
308 1016 353 1063 aut
358 1015 465 1071 leporem
469 1016 514 1062 aut
521 1014 633 1062 candenti
639 1030 742 1072 corpore
749 1032 851 1072 cycnum

170 1084 270 1132 sustulit
278 1084 330 1132 alta
339 1085 424 1140 petens
434 1083 535 1139 pedibus
545 1083 610 1130 Iovis
620 1083 729 1141 armiger
738 1085 817 1142 uncis,

170 1152 306 1210 quaesitum
315 1154 359 1200 aut
369 1152 444 1200 matri
454 1152 538 1199 multis
547 1152 670 1200 balatibus
680 1169 775 1210 agnum

170 1222 276 1269 Martius
287 1237 302 1268 a
312 1221 414 1269 stabulis
423 1221 507 1277 rapuit
516 1221 596 1277 lupus.
626 1221 741 1278 Undique
751 1222 843 1270 clamor

170 1290 280 1338 tollitur:
294 1290 415 1337 invadunt
425 1291 450 1337 et
459 1289 538 1337 fossas
548 1304 636 1346 aggere
646 1289 770 1346 complent
781 1309 788 1346 ;

171 1360 285 1407 ardentes
294 1359 379 1406 taedas
389 1357 432 1405 alii
440 1358 473 1405 ad
481 1358 582 1416 fastigia
591 1358 693 1406 iactant.

171 1429 277 1475 Ilioneus
287 1442 346 1476 saxo
354 1428 427 1483 atque
436 1426 530 1484 ingenti
539 1426 661 1484 fragmine
670 1427 762 1474 montis

123 1515 160 1552 ⁵70
171 1495 299 1544 Lucetium
309 1497 395 1552 portae
405 1495 548 1543 subeuntem
558 1495 674 1552 ignesque
683 1495 816 1554 terentem,

171 1565 319 1612 Emathiona
327 1565 409 1621 Liger,
420 1565 572 1621 Corynaeum
583 1565 672 1611 sternit
681 1565 773 1622 Asilas,

171 1634 210 1682 hio
219 1634 298 1681 iaculo
307 1633 392 1690 bonus,
404 1632 444 1680 hic
453 1633 525 1690 longe
534 1632 637 1680 fallente
647 1633 740 1689 sagitta
748 1653 754 1691 ;

172 1702 301 1760 Ortygium
312 1702 428 1758 Caeneus,
439 1702 556 1749 victorem
567 1701 663 1749 Caenea
672 1702 780 1759 Turnus,

173 1771 271 1818 Turnus
295 1772 353 1826 Ityn
378 1769 546 1827 Cloniumque,
574 1769 723 1826 Dioxippum
753 1771 851 1818 Promo·

229 1840 326 1895 lumque

172 1910 197 1956 et
208 1908 319 1965 Sagarim
330 1910 355 1955 et
365 1907 465 1954 summis
475 1908 582 1954 stantem
593 1922 638 1963 pro
648 1907 758 1953 turribus
768 1907 841 1963 Idan,

171 1977 316 2023 Privernum
344 1975 433 2032 Capys.
478 1975 555 2023 Hunc
582 1974 660 2031 primo
688 1974 749 2022 levis
776 1975 851 2022 hasta

227 2044 362 2092 Themillae

171 2113 305 2161 strinxerat
318 2134 323 2161 ε
337 2113 379 2160 ille
389 2127 489 2159 manum
499 2111 606 2167 proiecto
616 2111 724 2168 tegmine
734 2112 834 2159 demens

171 2181 203 2229 ad
211 2182 300 2228 vulnus
310 2181 368 2228 tulit
378 2200 384 2238 ;
398 2195 457 2236 ergo
467 2180 513 2226 alis
523 2179 617 2234 allapsa
627 2179 719 2236 sagitta

171 2252 196 2297 et
205 2249 274 2298 laevo
283 2250 355 2296 affixa
364 2250 401 2296 est
411 2248 484 2294 lateri
493 2262 589 2303 manus,
599 2246 729 2302 abditaque
738 2246 807 2293 intus

123 2331 161 2379 580
171 2318 320 2373 spiramenta
330 2316 425 2363 animae
434 2315 503 2362 letali
512 2315 613 2362 vulnere
623 2315 699 2370 rupit.

172 2385 259 2434 Stabat
268 2385 294 2431 in
303 2384 406 2442 egregiis
415 2383 531 2431 Arcentis
541 2383 605 2430 filius
615 2383 699 2440 armis,

170 2453 249 2509 pictus
259 2469 305 2501 acu
315 2453 464 2510 chlamydem
474 2453 500 2500 et
509 2451 633 2508 ferrugine
643 2451 724 2499 clarus
734 2451 836 2508 Hibera,

217 2520 286 2570 (336)
