<?xml version="1.0" encoding="UTF-8"?>
<!DOCTYPE html PUBLIC "-//W3C//DTD XHTML 1.0 Transitional//EN"
    "http://www.w3.org/TR/xhtml1/DTD/xhtml1-transitional.dtd">
<html xmlns="http://www.w3.org/1999/xhtml" xml:lang="en" lang="en">
 <head>
  <title>
</title>
<meta http-equiv="Content-Type" content="text/html;charset=utf-8" />
  <meta name='ocr-system' content='tesseract 3.04.00' />
  <meta name='ocr-capabilities' content='ocr_page ocr_carea ocr_par ocr_line ocrx_word'/>
</head>
<body>
  <div class='ocr_page' id='page_1' title='image "./pvergilimaronis07virggoog/pvergilimaronis07virggoog_0178.png"; bbox 0 0 1972 3164; ppageno 0'>
   <div class='ocr_carea' id='block_1_1' title="bbox 330 171 500 212">
    <p class='ocr_par' dir='ltr' id='par_1_1' title="bbox 330 171 500 212">
     <span class='ocr_line' id='line_1_1' title="bbox 330 171 500 212; baseline 0.012 -2"><span class='ocrx_word' id='word_1_1' title='bbox 330 171 440 212; x_wconf 71' lang='lat' dir='ltr'>sums.</span> <span class='ocrx_word' id='word_1_2' title='bbox 464 172 500 212; x_wconf 92' lang='lat'>111</span> 
     </span>
    </p>
   </div>
   <div class='ocr_carea' id='block_1_2' title="bbox 23 266 749 2510">
    <p class='ocr_par' dir='ltr' id='par_1_2' title="bbox 23 266 749 2510">
     <span class='ocr_line' id='line_1_2' title="bbox 75 266 653 328; baseline 0.009 -14"><span class='ocrx_word' id='word_1_3' title='bbox 75 266 108 315; x_wconf 78' lang='lat' dir='ltr'>ad</span> <span class='ocrx_word' id='word_1_4' title='bbox 118 266 211 315; x_wconf 85' lang='lat' dir='ltr'>caelum</span> <span class='ocrx_word' id='word_1_5' title='bbox 221 283 277 316; x_wconf 87' lang='lat' dir='ltr'>cum</span> <span class='ocrx_word' id='word_1_6' title='bbox 287 283 344 317; x_wconf 83' lang='lat' dir='ltr'>voce</span> <span class='ocrx_word' id='word_1_7' title='bbox 353 285 447 328; x_wconf 89' lang='lat' dir='ltr'>manus,</span> <span class='ocrx_word' id='word_1_8' title='bbox 458 273 483 318; x_wconf 88' lang='lat' dir='ltr'>et</span> <span class='ocrx_word' id='word_1_9' title='bbox 493 286 594 318; x_wconf 86' lang='lat' dir='ltr'>munera</span> <span class='ocrx_word' id='word_1_10' title='bbox 603 271 653 320; x_wconf 90' lang='lat' dir='ltr'>libo</span> 
     </span>
     <span class='ocr_line' id='line_1_3' title="bbox 76 334 632 388; baseline 0.007 -5"><span class='ocrx_word' id='word_1_11' title='bbox 76 334 224 384; x_wconf 83' lang='lat' dir='ltr'>intemerata</span> <span class='ocrx_word' id='word_1_12' title='bbox 233 335 300 384; x_wconf 86' lang='lat' dir='ltr'>focis.</span> <span class='ocrx_word' id='word_1_13' title='bbox 331 336 444 386; x_wconf 83' lang='lat' dir='ltr'>Perfecto</span> <span class='ocrx_word' id='word_1_14' title='bbox 454 338 532 386; x_wconf 87' lang='lat' dir='ltr'>laetus</span> <span class='ocrx_word' id='word_1_15' title='bbox 542 339 632 388; x_wconf 87' lang='lat' dir='ltr'>honore</span> 
     </span>
     <span class='ocr_line' id='line_1_4' title="bbox 76 404 675 464; baseline 0.005 -13"><span class='ocrx_word' id='word_1_16' title='bbox 76 404 201 452; x_wconf 74' lang='lat' dir='ltr'><strong>Anchisen</strong></span> <span class='ocrx_word' id='word_1_17' title='bbox 211 405 274 453; x_wconf 81' lang='lat' dir='ltr'>facio</span> <span class='ocrx_word' id='word_1_18' title='bbox 283 406 377 454; x_wconf 85' lang='lat' dir='ltr'>certum</span> <span class='ocrx_word' id='word_1_19' title='bbox 386 422 484 462; x_wconf 86' lang='lat' dir='ltr'>remque</span> <span class='ocrx_word' id='word_1_20' title='bbox 494 407 578 454; x_wconf 84' lang='lat' dir='ltr'>ordine</span> <span class='ocrx_word' id='word_1_21' title='bbox 587 407 675 464; x_wconf 83' lang='lat' dir='ltr'>pando.</span> 
     </span>
     <span class='ocr_line' id='line_1_5' title="bbox 27 472 729 534; baseline 0.003 -14"><span class='ocrx_word' id='word_1_22' title='bbox 27 482 66 522; x_wconf 85' lang='grc' dir='ltr'>ι8ο</span> <span class='ocrx_word' id='word_1_23' title='bbox 76 472 186 529; x_wconf 71' lang='lat' dir='ltr'>Agnovit</span> <span class='ocrx_word' id='word_1_24' title='bbox 194 473 287 529; x_wconf 88' lang='lat' dir='ltr'>prolem</span> <span class='ocrx_word' id='word_1_25' title='bbox 296 473 434 530; x_wconf 77' lang='lat' dir='ltr'><strong>ambiguam</strong></span> <span class='ocrx_word' id='word_1_26' title='bbox 443 475 597 531; x_wconf 77' lang='lat' dir='ltr'>geminosque</span> <span class='ocrx_word' id='word_1_27' title='bbox 606 477 729 534; x_wconf 85' lang='lat' dir='ltr'>parentes,</span> 
     </span>
     <span class='ocr_line' id='line_1_6' title="bbox 76 542 694 598; baseline 0.006 -10"><span class='ocrx_word' id='word_1_28' title='bbox 76 556 150 597; x_wconf 85' lang='lat' dir='ltr'>seque</span> <span class='ocrx_word' id='word_1_29' title='bbox 159 556 222 589; x_wconf 82' lang='lat' dir='ltr'>novo</span> <span class='ocrx_word' id='word_1_30' title='bbox 231 543 342 589; x_wconf 79' lang='lat' dir='ltr'>veterum</span> <span class='ocrx_word' id='word_1_31' title='bbox 352 542 479 598; x_wconf 80' lang='lat' dir='ltr'>deceptum</span> <span class='ocrx_word' id='word_1_32' title='bbox 488 558 570 591; x_wconf 86' lang='lat' dir='ltr'>errore</span> <span class='ocrx_word' id='word_1_33' title='bbox 579 543 694 592; x_wconf 90' lang='lat' dir='ltr'>locorum.</span> 
     </span>
     <span class='ocr_line' id='line_1_7' title="bbox 75 609 677 669; baseline 0.003 -13"><span class='ocrx_word' id='word_1_34' title='bbox 75 609 139 656; x_wconf 76' lang='lat' dir='ltr'>&#39;him</span> <span class='ocrx_word' id='word_1_35' title='bbox 149 611 282 658; x_wconf 84' lang='lat' dir='ltr'>memorat:</span> <span class='ocrx_word' id='word_1_36' title='bbox 297 610 313 632; x_wconf 91' lang='lat'><strong>“</strong></span> <span class='ocrx_word' id='word_1_37' title='bbox 322 611 396 668; x_wconf 82' lang='lat' dir='ltr'>Nate,</span> <span class='ocrx_word' id='word_1_38' title='bbox 407 610 487 658; x_wconf 86' lang='lat' dir='ltr'>Iliacis</span> <span class='ocrx_word' id='word_1_39' title='bbox 496 611 600 658; x_wconf 77' lang='lat' dir='ltr'>exercite</span> <span class='ocrx_word' id='word_1_40' title='bbox 610 611 677 669; x_wconf 85' lang='lat' dir='ltr'>fatis,</span> 
     </span>
     <span class='ocr_line' id='line_1_8' title="bbox 75 677 613 727; baseline 0.004 -2"><span class='ocrx_word' id='word_1_41' title='bbox 75 677 128 726; x_wconf 85' lang='lat' dir='ltr'>sola</span> <span class='ocrx_word' id='word_1_42' title='bbox 136 678 197 725; x_wconf 85' lang='lat' dir='ltr'>mihi</span> <span class='ocrx_word' id='word_1_43' title='bbox 206 679 268 726; x_wconf 86' lang='lat' dir='ltr'>tales</span> <span class='ocrx_word' id='word_1_44' title='bbox 278 694 347 726; x_wconf 83' lang='lat' dir='ltr'>casus</span> <span class='ocrx_word' id='word_1_45' title='bbox 357 679 493 727; x_wconf 80' lang='lat' dir='ltr'>Cassandra</span> <span class='ocrx_word' id='word_1_46' title='bbox 503 679 613 727; x_wconf 85' lang='lat' dir='ltr'>canebat.</span> 
     </span>
     <span class='ocr_line' id='line_1_9' title="bbox 75 745 739 804; baseline 0.003 -10"><span class='ocrx_word' id='word_1_47' title='bbox 75 745 151 794; x_wconf 86' lang='lat' dir='ltr'>Nunc</span> <span class='ocrx_word' id='word_1_48' title='bbox 160 749 245 802; x_wconf 86' lang='lat' dir='ltr'>repeto</span> <span class='ocrx_word' id='word_1_49' title='bbox 253 747 313 794; x_wconf 88' lang='lat' dir='ltr'>haec</span> <span class='ocrx_word' id='word_1_50' title='bbox 322 747 404 804; x_wconf 72' lang='lat' dir='ltr'>generi</span> <span class='ocrx_word' id='word_1_51' title='bbox 413 747 556 802; x_wconf 85' lang='lat' dir='ltr'>portendere</span> <span class='ocrx_word' id='word_1_52' title='bbox 566 748 647 796; x_wconf 86' lang='lat' dir='ltr'>debita</span> <span class='ocrx_word' id='word_1_53' title='bbox 656 748 739 796; x_wconf 82' lang='lat' dir='ltr'>nostro</span> 
     </span>
     <span class='ocr_line' id='line_1_10' title="bbox 74 815 692 872; baseline 0.005 -11"><span class='ocrx_word' id='word_1_54' title='bbox 74 816 101 861; x_wconf 88' lang='lat' dir='ltr'>et</span> <span class='ocrx_word' id='word_1_55' title='bbox 112 830 185 870; x_wconf 86' lang='lat' dir='ltr'>saepe</span> <span class='ocrx_word' id='word_1_56' title='bbox 195 816 348 872; x_wconf 75' lang='lat' dir='ltr'>Hesperiam,</span> <span class='ocrx_word' id='word_1_57' title='bbox 360 829 431 870; x_wconf 81' lang='lat' dir='ltr'>saepe</span> <span class='ocrx_word' id='word_1_58' title='bbox 440 815 505 861; x_wconf 82' lang='lat' dir='ltr'>Itala</span> <span class='ocrx_word' id='word_1_59' title='bbox 513 830 589 871; x_wconf 76' lang='lat' dir='ltr'>regna</span> <span class='ocrx_word' id='word_1_60' title='bbox 597 831 692 864; x_wconf 80' lang='lat' dir='ltr'>vocare.</span> 
     </span>
     <span class='ocr_line' id='line_1_11' title="bbox 75 882 693 939; baseline 0.003 -9"><span class='ocrx_word' id='word_1_61' title='bbox 75 883 124 930; x_wconf 82' lang='lat' dir='ltr'>Sed</span> <span class='ocrx_word' id='word_1_62' title='bbox 134 883 187 939; x_wconf 89' lang='lat' dir='ltr'>quis</span> <span class='ocrx_word' id='word_1_63' title='bbox 196 883 229 930; x_wconf 81' lang='lat' dir='ltr'>ad</span> <span class='ocrx_word' id='word_1_64' title='bbox 238 883 371 939; x_wconf 77' lang='lat' dir='ltr'>Hesperiae</span> <span class='ocrx_word' id='word_1_65' title='bbox 381 884 495 930; x_wconf 82' lang='lat' dir='ltr'>venturos</span> <span class='ocrx_word' id='word_1_66' title='bbox 504 882 577 931; x_wconf 85' lang='lat' dir='ltr'>litera</span> <span class='ocrx_word' id='word_1_67' title='bbox 587 884 693 932; x_wconf 86' lang='lat' dir='ltr'>Teucros</span> 
     </span>
     <span class='ocr_line' id='line_1_12' title="bbox 74 951 749 1007; baseline 0.003 -9"><span class='ocrx_word' id='word_1_68' title='bbox 74 951 200 999; x_wconf 76' lang='lat' dir='ltr'>crederet?</span> <span class='ocrx_word' id='word_1_69' title='bbox 225 953 270 998; x_wconf 82' lang='lat' dir='ltr'>aut</span> <span class='ocrx_word' id='word_1_70' title='bbox 291 966 360 1007; x_wconf 84' lang='lat' dir='ltr'>quem</span> <span class='ocrx_word' id='word_1_71' title='bbox 380 953 433 999; x_wconf 90' lang='lat' dir='ltr'>tum</span> <span class='ocrx_word' id='word_1_72' title='bbox 453 952 521 998; x_wconf 80' lang='lat' dir='ltr'>vates</span> <span class='ocrx_word' id='word_1_73' title='bbox 544 952 679 999; x_wconf 80' lang='lat' dir='ltr'>Cassandra</span> <span class='ocrx_word' id='word_1_74' title='bbox 700 968 749 1000; x_wconf 88' lang='lat' dir='ltr'>mo·</span> 
     </span>
     <span class='ocr_line' id='line_1_13' title="bbox 130 1022 217 1068; baseline 0 -1"><span class='ocrx_word' id='word_1_75' title='bbox 130 1022 199 1068; x_wconf 79' lang='lat' dir='ltr'>reret</span> <span class='ocrx_word' id='word_1_76' title='bbox 207 1023 217 1067; x_wconf 75' lang='grc' dir='ltr'><strong><em>Ρ</em></strong></span> 
     </span>
     <span class='ocr_line' id='line_1_14' title="bbox 74 1087 700 1144; baseline -0.002 -9"><span class='ocrx_word' id='word_1_77' title='bbox 74 1087 194 1135; x_wconf 83' lang='lat' dir='ltr'>Cedamus</span> <span class='ocrx_word' id='word_1_78' title='bbox 204 1087 301 1136; x_wconf 89' lang='lat' dir='ltr'>Phoebo</span> <span class='ocrx_word' id='word_1_79' title='bbox 310 1089 335 1135; x_wconf 89' lang='lat' dir='ltr'>et</span> <span class='ocrx_word' id='word_1_80' title='bbox 344 1088 430 1136; x_wconf 89' lang='lat' dir='ltr'>moniti</span> <span class='ocrx_word' id='word_1_81' title='bbox 438 1087 537 1136; x_wconf 82' lang='lat' dir='ltr'>meliora</span> <span class='ocrx_word' id='word_1_82' title='bbox 547 1089 700 1144; x_wconf 85' lang='lat' dir='ltr'>sequamur.”</span> 
     </span>
     <span class='ocr_line' id='line_1_15' title="bbox 75 1156 614 1214; baseline 0.002 -11"><span class='ocrx_word' id='word_1_83' title='bbox 75 1156 116 1203; x_wconf 87' lang='lat' dir='ltr'>Sic</span> <span class='ocrx_word' id='word_1_84' title='bbox 125 1156 169 1214; x_wconf 88' lang='lat' dir='ltr'>ait,</span> <span class='ocrx_word' id='word_1_85' title='bbox 179 1158 205 1204; x_wconf 91' lang='lat' dir='ltr'>et</span> <span class='ocrx_word' id='word_1_86' title='bbox 214 1157 297 1205; x_wconf 87' lang='lat' dir='ltr'>cuncti</span> <span class='ocrx_word' id='word_1_87' title='bbox 306 1157 371 1205; x_wconf 87' lang='lat' dir='ltr'>dicto</span> <span class='ocrx_word' id='word_1_88' title='bbox 380 1171 493 1212; x_wconf 84' lang='lat' dir='ltr'>paremus</span> <span class='ocrx_word' id='word_1_89' title='bbox 506 1158 614 1204; x_wconf 85' lang='lat' dir='ltr'>ovantes.</span> 
     </span>
     <span class='ocr_line' id='line_1_16' title="bbox 27 1225 720 1284; baseline 0 -12"><span class='ocrx_word' id='word_1_90' title='bbox 27 1245 64 1284; x_wconf 86' lang='lat'>190</span> <span class='ocrx_word' id='word_1_91' title='bbox 75 1225 149 1272; x_wconf 87' lang='lat' dir='ltr'>Hanc</span> <span class='ocrx_word' id='word_1_92' title='bbox 158 1240 251 1281; x_wconf 84' lang='lat' dir='ltr'>quoque</span> <span class='ocrx_word' id='word_1_93' title='bbox 260 1225 392 1272; x_wconf 83' lang='lat' dir='ltr'>deserimus</span> <span class='ocrx_word' id='word_1_94' title='bbox 402 1225 481 1272; x_wconf 86' lang='lat' dir='ltr'>sedem</span> <span class='ocrx_word' id='word_1_95' title='bbox 491 1225 620 1279; x_wconf 81' lang='lat' dir='ltr'>paucisque</span> <span class='ocrx_word' id='word_1_96' title='bbox 629 1225 720 1272; x_wconf 84' lang='lat' dir='ltr'>relictis</span> 
     </span>
     <span class='ocr_line' id='line_1_17' title="bbox 74 1291 749 1349; baseline 0.003 -9"><span class='ocrx_word' id='word_1_97' title='bbox 74 1293 129 1341; x_wconf 85' lang='lat' dir='ltr'>vela</span> <span class='ocrx_word' id='word_1_98' title='bbox 145 1293 230 1340; x_wconf 82' lang='lat' dir='ltr'>damus</span> <span class='ocrx_word' id='word_1_99' title='bbox 246 1296 389 1349; x_wconf 80' lang='lat' dir='ltr'>vastumque</span> <span class='ocrx_word' id='word_1_100' title='bbox 409 1307 468 1340; x_wconf 81' lang='lat' dir='ltr'>cava</span> <span class='ocrx_word' id='word_1_101' title='bbox 487 1291 556 1339; x_wconf 86' lang='lat' dir='ltr'>trabe</span> <span class='ocrx_word' id='word_1_102' title='bbox 576 1292 695 1340; x_wconf 83' lang='lat' dir='ltr'>currimus</span> <span class='ocrx_word' id='word_1_103' title='bbox 710 1309 749 1342; x_wconf 87' lang='lat' dir='ltr'>ee-</span> 
     </span>
     <span class='ocr_line' id='line_1_18' title="bbox 131 1377 198 1417; baseline 0.03 -9"><span class='ocrx_word' id='word_1_104' title='bbox 131 1377 198 1417; x_wconf 87' lang='lat' dir='ltr'>quor.</span> 
     </span>
     <span class='ocr_line' id='line_1_19' title="bbox 73 1427 747 1486; baseline 0.003 -11"><span class='ocrx_word' id='word_1_105' title='bbox 73 1427 206 1485; x_wconf 73' lang='lat' dir='ltr'>Poetqmm</span> <span class='ocrx_word' id='word_1_106' title='bbox 221 1430 299 1478; x_wconf 89' lang='lat' dir='ltr'>altum</span> <span class='ocrx_word' id='word_1_107' title='bbox 313 1431 413 1477; x_wconf 85' lang='lat' dir='ltr'>tenuere</span> <span class='ocrx_word' id='word_1_108' title='bbox 428 1430 503 1486; x_wconf 85' lang='lat' dir='ltr'>rates,</span> <span class='ocrx_word' id='word_1_109' title='bbox 519 1444 564 1476; x_wconf 88' lang='lat' dir='ltr'>nec</span> <span class='ocrx_word' id='word_1_110' title='bbox 579 1428 627 1476; x_wconf 93' lang='lat' dir='ltr'>iam</span> <span class='ocrx_word' id='word_1_111' title='bbox 645 1429 747 1486; x_wconf 85' lang='lat' dir='ltr'>amplius</span> 
     </span>
     <span class='ocr_line' id='line_1_20' title="bbox 72 1564 747 1624; baseline 0 -11"><span class='ocrx_word' id='word_1_112' title='bbox 72 1567 288 1622; x_wconf 67' lang='lat' dir='ltr'>apparentem,</span> <span class='ocrx_word' id='word_1_113' title='bbox 297 1566 390 1614; x_wconf 84' lang='lat' dir='ltr'>caelum</span> <span class='ocrx_word' id='word_1_114' title='bbox 396 1565 501 1620; x_wconf 87' lang='lat' dir='ltr'>undique</span> <span class='ocrx_word' id='word_1_115' title='bbox 508 1566 533 1610; x_wconf 89' lang='lat' dir='ltr'>et</span> <span class='ocrx_word' id='word_1_116' title='bbox 539 1564 644 1620; x_wconf 87' lang='lat' dir='ltr'>undique</span> <span class='ocrx_word' id='word_1_117' title='bbox 650 1567 747 1624; x_wconf 88' lang='lat' dir='ltr'>pontus,</span> 
     </span>
     <span class='ocr_line' id='line_1_21' title="bbox 73 1633 674 1689; baseline -0.003 -7"><span class='ocrx_word' id='word_1_118' title='bbox 73 1637 128 1682; x_wconf 82' lang='lat' dir='ltr'>tum</span> <span class='ocrx_word' id='word_1_119' title='bbox 138 1634 198 1681; x_wconf 90' lang='lat' dir='ltr'>mihi</span> <span class='ocrx_word' id='word_1_120' title='bbox 208 1634 331 1681; x_wconf 82' lang='lat' dir='ltr'>caeruleus</span> <span class='ocrx_word' id='word_1_121' title='bbox 341 1649 415 1689; x_wconf 87' lang='lat' dir='ltr'>supra</span> <span class='ocrx_word' id='word_1_122' title='bbox 425 1635 498 1687; x_wconf 85' lang='lat' dir='ltr'>caput</span> <span class='ocrx_word' id='word_1_123' title='bbox 509 1633 588 1679; x_wconf 87' lang='lat' dir='ltr'>astitit</span> <span class='ocrx_word' id='word_1_124' title='bbox 597 1633 674 1680; x_wconf 84' lang='lat' dir='ltr'>imber</span> 
     </span>
     <span class='ocr_line' id='line_1_22' title="bbox 73 1701 748 1760; baseline -0.001 -8"><span class='ocrx_word' id='word_1_125' title='bbox 73 1705 171 1752; x_wconf 87' lang='lat' dir='ltr'>noctem</span> <span class='ocrx_word' id='word_1_126' title='bbox 180 1702 330 1758; x_wconf 87' lang='lat' dir='ltr'>hiememque</span> <span class='ocrx_word' id='word_1_127' title='bbox 339 1701 427 1760; x_wconf 82' lang='lat' dir='ltr'>ferens,</span> <span class='ocrx_word' id='word_1_128' title='bbox 437 1703 463 1749; x_wconf 86' lang='lat' dir='ltr'>et</span> <span class='ocrx_word' id='word_1_129' title='bbox 474 1701 594 1749; x_wconf 73' lang='lat' dir='ltr'>inhorruit</span> <span class='ocrx_word' id='word_1_130' title='bbox 604 1702 670 1749; x_wconf 85' lang='lat' dir='ltr'>unda</span> <span class='ocrx_word' id='word_1_131' title='bbox 682 1704 748 1751; x_wconf 85' lang='lat' dir='ltr'>tene-</span> 
     </span>
     <span class='ocr_line' id='line_1_23' title="bbox 130 1771 188 1818; baseline -0.017 0"><span class='ocrx_word' id='word_1_132' title='bbox 130 1771 188 1818; x_wconf 88' lang='lat' dir='ltr'>bris.</span> 
     </span>
     <span class='ocr_line' id='line_1_24' title="bbox 74 1838 719 1894; baseline -0.003 -8"><span class='ocrx_word' id='word_1_133' title='bbox 74 1839 197 1887; x_wconf 80' lang='lat' dir='ltr'>Continuo</span> <span class='ocrx_word' id='word_1_134' title='bbox 206 1838 273 1885; x_wconf 80' lang='lat' dir='ltr'>venti</span> <span class='ocrx_word' id='word_1_135' title='bbox 282 1838 384 1885; x_wconf 83' lang='lat' dir='ltr'>volvunt</span> <span class='ocrx_word' id='word_1_136' title='bbox 393 1852 460 1884; x_wconf 88' lang='lat' dir='ltr'>mare</span> <span class='ocrx_word' id='word_1_137' title='bbox 469 1853 604 1894; x_wconf 76' lang='lat' dir='ltr'>magnaque</span> <span class='ocrx_word' id='word_1_138' title='bbox 615 1841 719 1894; x_wconf 75' lang='lat' dir='ltr'>surgunt</span> 
     </span>
     <span class='ocr_line' id='line_1_25' title="bbox 73 1906 619 1964; baseline -0.002 -11"><span class='ocrx_word' id='word_1_139' title='bbox 73 1921 186 1964; x_wconf 83' lang='lat' dir='ltr'>aequora,</span> <span class='ocrx_word' id='word_1_140' title='bbox 197 1906 299 1962; x_wconf 87' lang='lat' dir='ltr'>dispersi</span> <span class='ocrx_word' id='word_1_141' title='bbox 308 1906 427 1953; x_wconf 87' lang='lat' dir='ltr'>iactamur</span> <span class='ocrx_word' id='word_1_142' title='bbox 435 1906 533 1963; x_wconf 71' lang='lat' dir='ltr'>gurgite</span> <span class='ocrx_word' id='word_1_143' title='bbox 542 1908 619 1962; x_wconf 77' lang='lat' dir='ltr'>vaste,</span> 
     </span>
     <span class='ocr_line' id='line_1_26' title="bbox 70 1974 633 2023; baseline -0.004 0"><span class='ocrx_word' id='word_1_144' title='bbox 70 1974 193 2023; x_wconf 79' lang='lat' dir='ltr'>involvere</span> <span class='ocrx_word' id='word_1_145' title='bbox 203 1974 266 2021; x_wconf 89' lang='lat' dir='ltr'>diem</span> <span class='ocrx_word' id='word_1_146' title='bbox 275 1974 350 2021; x_wconf 92' lang='lat' dir='ltr'>nimbi</span> <span class='ocrx_word' id='word_1_147' title='bbox 359 1976 384 2021; x_wconf 86' lang='lat' dir='ltr'>et</span> <span class='ocrx_word' id='word_1_148' title='bbox 393 1989 441 2020; x_wconf 86' lang='lat' dir='ltr'>nox</span> <span class='ocrx_word' id='word_1_149' title='bbox 449 1974 531 2021; x_wconf 83' lang='lat' dir='ltr'>umida</span> <span class='ocrx_word' id='word_1_150' title='bbox 541 1974 633 2021; x_wconf 81' lang='lat' dir='ltr'>caelum</span> 
     </span>
     <span class='ocr_line' id='line_1_27' title="bbox 73 2041 662 2099; baseline 0.002 -10"><span class='ocrx_word' id='word_1_151' title='bbox 73 2042 184 2098; x_wconf 86' lang='lat' dir='ltr'>abstulit,</span> <span class='ocrx_word' id='word_1_152' title='bbox 195 2042 345 2099; x_wconf 75' lang='lat' dir='ltr'>ingeminant</span> <span class='ocrx_word' id='word_1_153' title='bbox 355 2041 465 2097; x_wconf 85' lang='lat' dir='ltr'>abruptis</span> <span class='ocrx_word' id='word_1_154' title='bbox 474 2041 577 2088; x_wconf 87' lang='lat' dir='ltr'>nubibus</span> <span class='ocrx_word' id='word_1_155' title='bbox 586 2042 662 2098; x_wconf 69' lang='lat' dir='ltr'>ignee.</span> 
     </span>
     <span class='ocr_line' id='line_1_28' title="bbox 23 2108 660 2160; baseline -0.006 0"><span class='ocrx_word' id='word_1_156' title='bbox 23 2132 63 2160; x_wconf 77' lang='lat' dir='ltr'>seo</span> <span class='ocrx_word' id='word_1_157' title='bbox 73 2110 220 2157; x_wconf 77' lang='lat' dir='ltr'>Excutimur</span> <span class='ocrx_word' id='word_1_158' title='bbox 226 2126 299 2158; x_wconf 85' lang='lat' dir='ltr'>cursu</span> <span class='ocrx_word' id='word_1_159' title='bbox 308 2112 333 2157; x_wconf 88' lang='lat' dir='ltr'>et</span> <span class='ocrx_word' id='word_1_160' title='bbox 343 2109 418 2156; x_wconf 86' lang='lat' dir='ltr'>caeeis</span> <span class='ocrx_word' id='word_1_161' title='bbox 428 2124 536 2155; x_wconf 83' lang='lat' dir='ltr'>emamus</span> <span class='ocrx_word' id='word_1_162' title='bbox 545 2108 571 2155; x_wconf 91' lang='lat' dir='ltr'>in</span> <span class='ocrx_word' id='word_1_163' title='bbox 581 2109 660 2156; x_wconf 82' lang='lat' dir='ltr'>undis.</span> 
     </span>
     <span class='ocr_line' id='line_1_29' title="bbox 74 2176 664 2234; baseline -0.007 -8"><span class='ocrx_word' id='word_1_164' title='bbox 74 2180 131 2234; x_wconf 86' lang='lat' dir='ltr'>Ipse</span> <span class='ocrx_word' id='word_1_165' title='bbox 141 2178 204 2226; x_wconf 86' lang='lat' dir='ltr'>diem</span> <span class='ocrx_word' id='word_1_166' title='bbox 214 2181 355 2234; x_wconf 87' lang='lat' dir='ltr'>noctemque</span> <span class='ocrx_word' id='word_1_167' title='bbox 364 2178 438 2233; x_wconf 77' lang='lat' dir='ltr'>negat</span> <span class='ocrx_word' id='word_1_168' title='bbox 448 2177 580 2223; x_wconf 85' lang='lat' dir='ltr'>discernere</span> <span class='ocrx_word' id='word_1_169' title='bbox 591 2176 664 2233; x_wconf 82' lang='lat' dir='ltr'>caelo,</span> 
     </span>
     <span class='ocr_line' id='line_1_30' title="bbox 73 2244 671 2295; baseline -0.007 -1"><span class='ocrx_word' id='word_1_170' title='bbox 73 2262 120 2294; x_wconf 89' lang='lat' dir='ltr'>nec</span> <span class='ocrx_word' id='word_1_171' title='bbox 129 2247 263 2295; x_wconf 79' lang='lat' dir='ltr'>meminisse</span> <span class='ocrx_word' id='word_1_172' title='bbox 272 2247 325 2294; x_wconf 85' lang='lat' dir='ltr'>viae</span> <span class='ocrx_word' id='word_1_173' title='bbox 335 2246 414 2292; x_wconf 90' lang='lat' dir='ltr'>media</span> <span class='ocrx_word' id='word_1_174' title='bbox 423 2245 553 2291; x_wconf 87' lang='lat' dir='ltr'>Palinurus</span> <span class='ocrx_word' id='word_1_175' title='bbox 562 2245 587 2290; x_wconf 89' lang='lat' dir='ltr'>in</span> <span class='ocrx_word' id='word_1_176' title='bbox 598 2244 671 2290; x_wconf 87' lang='lat' dir='ltr'>unda.</span> 
     </span>
     <span class='ocr_line' id='line_1_31' title="bbox 74 2312 584 2369; baseline -0.01 -6"><span class='ocrx_word' id='word_1_177' title='bbox 74 2317 137 2363; x_wconf 86' lang='lat' dir='ltr'>Tres</span> <span class='ocrx_word' id='word_1_178' title='bbox 146 2317 206 2363; x_wconf 86' lang='lat' dir='ltr'>adeo</span> <span class='ocrx_word' id='word_1_179' title='bbox 214 2315 320 2364; x_wconf 84' lang='lat' dir='ltr'>incertos</span> <span class='ocrx_word' id='word_1_180' title='bbox 330 2330 403 2362; x_wconf 81' lang='lat' dir='ltr'>caeca</span> <span class='ocrx_word' id='word_1_181' title='bbox 412 2313 513 2369; x_wconf 77' lang='lat' dir='ltr'>caligine</span> <span class='ocrx_word' id='word_1_182' title='bbox 523 2312 584 2359; x_wconf 87' lang='lat' dir='ltr'>soles</span> 
     </span>
     <span class='ocr_line' id='line_1_32' title="bbox 73 2381 645 2442; baseline -0.009 -11"><span class='ocrx_word' id='word_1_183' title='bbox 73 2399 184 2432; x_wconf 87' lang='lat' dir='ltr'>erramus</span> <span class='ocrx_word' id='word_1_184' title='bbox 195 2385 287 2442; x_wconf 73' lang='lat' dir='ltr'>pelago,</span> <span class='ocrx_word' id='word_1_185' title='bbox 297 2383 398 2431; x_wconf 87' lang='lat' dir='ltr'>totidem</span> <span class='ocrx_word' id='word_1_186' title='bbox 408 2381 459 2429; x_wconf 88' lang='lat' dir='ltr'>sine</span> <span class='ocrx_word' id='word_1_187' title='bbox 468 2382 545 2428; x_wconf 86' lang='lat' dir='ltr'>sidere</span> <span class='ocrx_word' id='word_1_188' title='bbox 554 2382 645 2427; x_wconf 85' lang='lat' dir='ltr'>noctes.</span> 
     </span>
     <span class='ocr_line' id='line_1_33' title="bbox 74 2449 675 2510; baseline -0.007 -10"><span class='ocrx_word' id='word_1_189' title='bbox 74 2452 171 2510; x_wconf 81' lang='lat' dir='ltr'>Quarto</span> <span class='ocrx_word' id='word_1_190' title='bbox 181 2455 248 2500; x_wconf 86' lang='lat' dir='ltr'>terra</span> <span class='ocrx_word' id='word_1_191' title='bbox 258 2453 296 2501; x_wconf 88' lang='lat' dir='ltr'>die</span> <span class='ocrx_word' id='word_1_192' title='bbox 306 2452 411 2509; x_wconf 89' lang='lat' dir='ltr'>primum</span> <span class='ocrx_word' id='word_1_193' title='bbox 419 2465 444 2498; x_wconf 84' lang='lat' dir='ltr'>se</span> <span class='ocrx_word' id='word_1_194' title='bbox 455 2449 567 2498; x_wconf 83' lang='lat' dir='ltr'>attollere</span> <span class='ocrx_word' id='word_1_195' title='bbox 576 2450 675 2497; x_wconf 84' lang='lat' dir='ltr'>tandem</span> 
     </span>
    </p>
   </div>
   <div class='ocr_carea' id='block_1_3' title="bbox 122 2520 418 2570">
    <p class='ocr_par' dir='ltr' id='par_1_3' title="bbox 122 2520 418 2570">
     <span class='ocr_line' id='line_1_34' title="bbox 122 2520 418 2570; baseline -0.003 0"><span class='ocrx_word' id='word_1_196' title='bbox 122 2520 193 2570; x_wconf 82' lang='lat'>(169)</span> <span class='ocrx_word' id='word_1_197' title='bbox 385 2529 418 2569; x_wconf 70' lang='lat'>1²3</span> 
     </span>
    </p>
   </div>
   <div class='ocr_carea' id='block_1_4' title="bbox 0 0 990 3164">
    <p class='ocr_par' dir='ltr' id='par_1_4' title="bbox 0 0 990 3164">
     <span class='ocr_line' id='line_1_35' title="bbox 0 0 990 3164; baseline 0 1"><span class='ocrx_word' id='word_1_198' title='bbox 0 0 990 3164; x_wconf 95' lang='lat' dir='ltr'> </span> 
     </span>
    </p>
   </div>
  </div>
 </body>
</html>
