1972 3164
369 165 391 206 P.
404 165 524 206 VERGILI
536 165 665 207 MARONIS

179 262 291 312 dentibus
300 263 449 322 infrendens,
459 267 485 312 et
494 266 564 322 tergo
573 264 667 312 decutit
676 263 762 313 hastas
773 287 778 314 ε

179 332 245 379 haud
254 333 334 392 aliter,
344 333 424 380 iustae
433 333 519 389 quibus
529 335 567 380 est
577 333 714 380 Mezentius
724 334 785 390 irae,

179 416 228 448 non
237 401 282 448 ulli
291 403 328 449 est
338 402 433 449 animus
443 402 528 449 stricto
538 416 681 450 concurrere
690 402 757 448 ferro
765 422 772 458 ;

179 470 309 517 missilibus
319 470 389 528 longe
399 471 427 518 et
433 472 504 517 vesto
513 470 616 517 elamom
625 470 758 517 lacessunt.

180 538 289 587 Venerat
297 538 404 594 antiquis
414 538 515 594 Corythi
525 539 554 585 de
564 538 651 584 finibus
661 537 755 594 Acron,

133 623 170 662 ⁷²0
181 607 269 654 Graius
274 606 455 664 h0m0‚infeetes
461 606 571 662 linquens
577 606 696 662 profugus
703 607 856 662 hymenaeos.

181 675 255 723 Hune
264 675 307 723 ubi
316 675 457 722 miseentem
467 673 538 732 longe
548 674 627 722 media
636 675 736 732 agmina
745 675 816 732 vidit,

180 759 329 800 purpureum
338 743 424 800 pennis
433 743 459 790 et
467 745 554 800 pactae
564 743 672 799 coniugis
683 745 759 800 ostro,

179 811 299 867 impastus
308 811 405 859 stabula
414 811 465 858 alta
474 810 512 858 leo
522 826 566 858 eeu
576 826 647 867 saepe
657 826 800 870 peragrans,

179 880 266 927 suadet
275 880 339 927 enim
349 895 439 926 vesana
447 879 533 936 fames,
544 879 565 927 si
574 879 638 926 forte
648 878 763 935 fugacem

180 949 304 1004 conspexit
318 963 431 1005 capream
444 949 489 994 ant
502 949 642 1005 surgentem
657 948 684 994 in
698 962 792 995 cornua
807 963 857 996 eer-

236 1032 302 1075 vum,

179 1085 279 1143 gaudet,
289 1085 358 1132 hians
366 1085 480 1142 immane,
492 1100 619 1140 sumasque
628 1084 721 1131 arrexit
730 1088 756 1131 et
766 1084 851 1132 haeret

179 1153 310 1201 viseeribns
320 1153 550 1211 superincumbens,
561 1154 621 1200 lavit
631 1153 742 1209 improba
750 1155 830 1200 taeter

180 1237 222 1270 ora
232 1236 311 1278 eruor,

180 1289 215 1338 sie
224 1289 275 1336 ruit
284 1289 311 1336 iu
320 1289 406 1337 densos
416 1289 497 1338 alaeer
506 1289 641 1337 Mezentius
651 1289 741 1336 hostes.

133 1367 171 1406 ⁷30
181 1357 306 1404 Sternitur
314 1356 400 1404 infelix
409 1357 499 1414 Acron,
510 1359 535 1404 et
546 1357 651 1404 culcibus
660 1359 741 1403 atram

180 1426 263 1472 tundit
270 1425 371 1472 humum
378 1425 512 1482 exspirans,
518 1425 671 1480 infractaque
677 1425 727 1471 tela
734 1425 855 1472 cruentat.

180 1494 261 1550 Aulus
269 1493 333 1540 idem
342 1493 478 1550 fugientem
487 1493 554 1540 haud
563 1494 601 1540 est
611 1493 726 1548 dignatus
737 1492 834 1539 Oroden

179 1565 288 1610 atemere
298 1577 342 1608 nee
351 1561 417 1608 iaetu
426 1576 524 1608 euenum
534 1561 592 1608 dare
603 1560 700 1616 cuspide
709 1561 798 1607 vulnus
809 1582 815 1607 z

178 1631 263 1678 obvius
273 1631 420 1685 adversoque
430 1629 536 1676 occurrit
546 1644 617 1684 seque
625 1629 678 1675 vire
686 1629 725 1675 vir

179 1698 291 1754 eontulit,
301 1697 368 1744 haud
377 1696 446 1744 furto
455 1696 547 1753 melior,
558 1697 600 1744 sed
610 1696 714 1743 fortibus
724 1697 807 1743 armis.

180 1768 244 1814 Tum
254 1781 326 1822 super
335 1766 455 1813 abiectum
466 1765 545 1821 posito
555 1764 614 1820 pede
624 1764 695 1810 nixus
706 1766 732 1811 et
742 1765 828 1811 hasta:

180 1835 187 1858 ‘
198 1836 260 1882 Pars
286 1833 344 1880 belli
370 1834 436 1881 haud
462 1833 601 1889 temnenda,
625 1831 679 1889 viri,
704 1832 768 1880 iacet
792 1832 857 1879 altus

340 1902 346 1922 2

180 1902 339 2016 Condidddiaedt
349 1967 407 2014 soeii
415 1966 507 2014 laetum
518 1981 612 2022 paeana
621 1965 705 2013 secuti.

180 2037 225 2085 Ille
244 2039 328 2084 autem
352 2035 477 2092 exspirans
498 2035 568 2082 ‘Non
592 2050 639 2092 me,
660 2034 803 2089 quicumque
823 2048 856 2089 es,

235 2106 323 2162 inulto,

132 2193 170 2232 ⁷4⁰
180 2173 266 2230 viator,
276 2189 320 2220 nee
330 2172 430 2230 longum
440 2171 561 2218 laetabere
572 2192 576 2218 :
592 2174 617 2217 te
627 2185 721 2226 quoque
731 2170 785 2216 fata

179 2243 337 2299 prospectant
346 2241 415 2296 paris
426 2242 499 2296 atque
509 2241 592 2287 eadem
602 2255 658 2286 mex
668 2255 728 2286 arva
737 2238 847 2286 tenebis!

180 2310 221 2358 Ad
229 2325 291 2366 quae
300 2309 426 2356 subridens
437 2309 514 2356 mixta
524 2309 660 2355 Mezentius
671 2308 716 2364 ira,

181 2377 269 2426 ‘Nune
287 2393 387 2426 morere.
417 2378 465 2425 Ast
484 2378 513 2425 de
533 2392 571 2424 me
591 2377 673 2423 divum
693 2377 763 2432 pater
785 2377 858 2430 atque

236 2445 361 2493 hominum
371 2462 415 2494 rex

228 2513 237 2561 (
246 2516 280 2562 368
289 2513 298 2561 )
