1972 3164
428 167 451 207 P.
465 167 585 207 VERGILI
599 167 726 207 MARONIS

243 279 290 321 me,
300 263 363 312 bello
372 279 386 311 e
394 265 466 312 tanto
475 265 608 321 digressum
618 267 644 312 et
654 265 725 312 ccede
734 265 833 322 recenti,

244 333 378 380 attrectare
387 333 464 390 nefas,
476 333 551 380 donec
561 349 599 380 mc
608 333 706 380 flumine
716 332 772 380 vivo

197 417 234 453 720
245 401 369 449 abluero.”

246 470 315 517 Haec
324 470 392 516 fctus
402 469 464 517 latos
474 485 569 517 umeros
579 469 733 526 subiectaque
743 470 805 518 oolla

246 541 313 586 veste
323 553 396 594 super
405 537 512 594 fulvique
522 539 644 586 insternor
653 538 714 594 pelle
724 537 807 594 leonis,

246 607 391 661 succedoque
400 607 481 663 oneri;
495 608 596 654 dextrae
605 622 630 654 se
640 623 729 662 parvus
739 607 808 653 Iulus

245 674 364 730 implicuit
374 675 528 730 sequiturque
538 677 635 730 patrem
645 690 694 722 non
704 675 814 730 passibus
824 674 921 730 aequis;

247 758 307 798 pone
317 736 382 789 subit
392 743 503 791 coniunx.
534 743 647 790 Ferimur
656 758 700 798 per
709 758 785 798 opaca
793 743 900 790 locorum
910 761 916 798 ;

246 813 272 858 et
282 826 327 868 me,
338 826 407 866 quem
418 811 509 858 dudum
520 827 568 858 non
577 812 628 858 ulla
637 812 726 858 iniecta
734 811 865 858 movebant

246 879 297 926 tela
306 894 382 934 neque
392 880 493 928 adverso
503 880 632 938 glomerati
641 895 672 926 ex
681 881 777 936 agmine
788 880 865 936 Graii,

247 963 312 995 nuno
321 962 404 994 omnes
414 949 509 995 terrent
519 963 601 1003 auree,
612 963 684 995 sonus
695 948 786 995 excitat
795 948 873 995 omnis

249 1031 391 1071 suspensum
399 1017 424 1062 et
434 1017 527 1071 pariter
534 1016 660 1072 comitique
668 1016 782 1072 onerique
787 1017 922 1063 timentem.

200 1098 238 1134 730
249 1085 348 1140 Iamque
358 1084 549 1140 propinquabam
560 1084 636 1139 portis
645 1099 787 1140 omnemque
797 1084 897 1131 videbar

249 1153 352 1201 evasisse
361 1153 435 1208 nam,
445 1152 526 1200 subito
536 1168 591 1199 oum
601 1152 685 1199 creber
694 1153 726 1199 ad
736 1167 806 1199 aures

249 1221 315 1268 visus
322 1221 404 1267 adesse
411 1220 498 1276 pedum
505 1221 606 1278 sonitus,
613 1220 755 1276 genitorque
762 1236 806 1276 per
812 1219 924 1266 umbram

250 1288 397 1346 prospiciens
426 1288 442 1311 “
451 1289 539 1336 Nate”
569 1287 698 1345 exclamat,
729 1288 745 1310 ‘⁶
753 1289 819 1346 iuge,
848 1289 906 1334 nate
917 1307 924 1344 ;

306 1357 484 1414 propinquant:

251 1427 363 1473 ardentes
373 1426 461 1482 clipeos
471 1427 542 1482 atque
552 1442 609 1473 aera
618 1426 734 1474 micantia
743 1427 840 1474 cemo.'’

251 1496 300 1542 Hic
310 1495 369 1542 mihi
378 1495 529 1551 nescioquod
538 1495 632 1550 trepido
641 1495 703 1542 male
712 1509 803 1542 numen
813 1496 916 1542 amioum

252 1563 377 1610 confusam
386 1562 476 1620 eripuit
484 1565 598 1610 mentem.
628 1563 739 1618 Namque
749 1563 805 1610 avia
813 1578 886 1610 cursu

253 1632 311 1678 dum
321 1647 406 1688 sequor
415 1635 441 1680 et
449 1633 509 1680 nota
518 1631 605 1680 excedo
613 1631 710 1687 regione
719 1631 823 1688 viarum,

252 1701 301 1748 heu
310 1701 398 1747 misero
408 1702 511 1748 coniunx
520 1701 603 1748 tatone
612 1701 697 1755 erepta
706 1700 798 1747 Creusa

254 1769 365 1816 substitit
375 1769 497 1817 erravitne
506 1769 546 1816 via
555 1784 598 1816 seu
607 1769 671 1815 lesse
680 1769 771 1815 resedit

205 1858 243 1895 740
253 1837 374 1885 incertum
383 1858 389 1885 r
404 1853 449 1886 neo
458 1839 515 1894 post
523 1837 598 1884 oculis
608 1838 645 1884 est
654 1836 751 1883 reddita
759 1837 857 1894 nostris,

253 1920 298 1952 nec
307 1905 374 1961 prius
382 1906 494 1954 amissam
504 1905 598 1962 respexi
607 1905 744 1952 animumve
753 1905 844 1961 reflexi,

254 1989 326 2029 quam
340 1974 462 2021 tumulum
476 1974 590 2031 antiquae
603 1973 697 2022 Cereris
711 1972 836 2028 sedemque
852 1987 930 2019 sacra·

310 2044 363 2089 tam

256 2111 365 2158 venimus
374 2130 380 2168 3
397 2110 437 2159 hic
446 2112 543 2158 demum
553 2109 658 2157 collectis
668 2108 778 2156 omnibus
787 2124 838 2155 una

256 2181 335 2229 defuit
344 2181 369 2228 et
379 2180 477 2227 comites
487 2181 619 2234 natumque
628 2178 754 2233 virumque
763 2176 859 2223 fefellit.

259 2250 335 2306 Quom
344 2264 394 2295 non
402 2248 511 2295 incusavi
520 2263 603 2294 amens
610 2247 781 2300 hominumque
787 2245 931 2300 deorumque

258 2319 301 2365 aut
311 2317 368 2373 quid
377 2316 403 2362 iu
413 2329 497 2362 eversa
505 2315 555 2360 vidi
564 2314 683 2361 crudelius
693 2311 769 2359 urbe?

257 2384 390 2431 Ascanium
395 2383 563 2437 Anchisenque
569 2384 664 2437 patrem
671 2383 822 2436 Teucrosque
828 2381 933 2427 Penates

259 2451 398 2566 commendo
407 2450 476 2499 sociis
485 2450 511 2498 et
520 2465 595 2497 curva
603 2450 667 2497 valle
676 2449 786 2497 recondo.

307 2519 316 2567 (
326 2521 361 2558 160
