1972 3164
358 176 381 214 P.
394 175 514 216 VERGILI
527 175 656 216 Minorem

168 273 259 322 arduus
269 288 357 332 agmen
366 289 441 331 egens
450 295 456 322 z
470 273 517 332 eui,
527 272 584 322 belli
593 273 689 332 insigne
699 275 839 335 superbum,

168 345 279 400 tempore
288 343 370 392 navali
382 343 480 401 fulgent
489 345 598 391 rostrata
607 358 705 392 rorone.

170 413 235 460 Hine
245 427 289 468 ope
299 411 427 460 barbaries
435 412 554 468 variisque
564 412 688 460 Antonius
698 414 785 472 ermis,

169 481 248 529 vietor
257 481 288 528 ab
298 480 408 528 Aurorae
417 480 511 537 populis
521 483 546 529 et
555 480 627 529 litore
636 481 723 541 rubro,
851 476 854 483 ’

170 550 309 606 Aegyptum
319 549 429 606 viresque
440 549 546 596 Orientis
555 550 581 597 et
590 549 680 598 ultima
688 567 773 601 seeum

171 619 344 676 Beetruvehit,
351 619 505 675 sequiturqoe
512 617 599 676 (nefus)
605 619 731 676 Aegyptia
737 623 846 670 eoniunx.

172 687 230 735 Una
239 702 320 734 omnes
330 702 409 745 ruere,
423 703 452 736 uo
462 689 543 736 totum
553 701 667 743 spumare
677 690 787 738 reductis

124 764 161 811 690
172 756 313 803 oonvulsum
323 756 396 804 remis
405 756 537 812 rostrisque
546 755 696 804 tridentibus
707 773 808 815 aequor.

172 824 233 871 Alte
241 825 329 880 petunt
338 844 344 871 ε
358 824 444 882 pslsgo
453 825 538 872 eredas
547 823 632 871 innare
642 826 754 875 reuulsus

173 893 291 949 Cyclades
301 896 345 942 unt
355 896 448 942 montes
458 908 601 942 concurrere
611 895 737 943 montibus
746 897 816 954 altos,

172 963 245 1009 tanta
254 962 316 1009 mole
325 962 372 1009 viri
382 962 480 1010 turritis
489 962 610 1018 puppibus
620 962 726 1012 instant.

173 1031 284 1086 Stuppeu
294 1030 394 1079 flumme
403 1046 477 1078 menn
487 1030 589 1086 telisque
598 1030 699 1079 volatile
708 1033 805 1081 fenum

173 1100 307 1156 spargitur,
318 1115 380 1147 orvs
388 1115 452 1147 nove
462 1098 588 1156 Neptunia
598 1100 671 1147 eeede
681 1101 822 1150 rubesount.

174 1168 271 1228 Regino
279 1169 307 1215 in
316 1169 401 1216 mediis
411 1169 493 1225 patrio
502 1170 573 1216 vocet
583 1168 683 1225 agmina
692 1170 776 1230 sistro,

173 1239 277 1286 necdum
287 1238 362 1285 etism
372 1238 480 1296 geminos
489 1253 505 1284 a
514 1238 585 1294 tergo
594 1237 695 1293 respicit
704 1255 805 1296 angues.

175 1307 384 1363 Omnigenumque
394 1306 465 1353 deum
476 1307 586 1353 monstro
595 1306 620 1352 et
629 1305 739 1354 latrator
748 1307 840 1355 Anubis

175 1377 261 1423 eontra
266 1375 410 1431 Neptunum
415 1377 440 1423 et
447 1376 567 1423 Venerem
574 1377 707 1432 oontrsque
715 1377 849 1424 Minervam

128 1461 165 1498 γα)
175 1445 226 1492 tols
235 1445 328 1492 tenent.
360 1444 442 1492 Saevit
452 1443 530 1492 medio
539 1443 566 1490 in
575 1444 709 1492 certamine
720 1445 819 1492 Mavors

176 1513 284 1561 ooeletus
293 1513 368 1571 ferro,
378 1512 508 1569 tristesque
515 1528 545 1559 ex
555 1513 653 1560 aethere
663 1513 750 1570 Dirae,

176 1583 202 1630 et
211 1581 286 1630 seissa
294 1581 403 1639 gaudens
412 1582 480 1628 vadit
490 1581 618 1629 Discordia
627 1581 701 1637 pulis,

177 1666 249 1707 quom
259 1667 315 1698 eum
325 1651 459 1710 sanguineo
468 1650 578 1707 sequitur
586 1651 691 1698 Bellona
700 1650 804 1708 flagello.

177 1720 264 1767 Aetius
274 1720 334 1767 haee
344 1734 444 1767 eernens
455 1735 540 1767 ereum
549 1719 692 1766 intendebat
702 1719 792 1775 Apollo

177 1788 294 1844 desuper:
310 1788 388 1835 omnis
398 1803 426 1836 eo
435 1789 528 1836 terrore
538 1789 665 1844 Aegyptus
674 1789 700 1836 et
710 1788 775 1845 Indi,

177 1857 254 1904 omnis
265 1857 353 1914 Arabs,
364 1871 447 1904 omnes
456 1857 585 1904 vertebant
594 1858 666 1916 terga
677 1858 772 1906 Sabaei.

178 1927 236 1982 Ipse
245 1926 375 1974 videbatur
384 1926 463 1974 ventis
473 1926 559 1982 regine
567 1926 661 1973 vocetis

178 1995 233 2043 vela
242 1994 299 2043 dare
310 1996 335 2042 et
344 1995 412 2043 loxos
421 1995 470 2042 iam
479 1994 575 2051 iamque
584 1994 717 2042 immittere
727 1994 808 2043 tunes.

179 2065 251 2112 Illam
260 2065 326 2111 inter
336 2064 420 2112 euedes
430 2063 561 2120 pallentem
571 2065 650 2111 morte
659 2064 749 2110 futuru

144 2148 168 2173 10
179 2132 270 2180 fecerat
280 2132 423 2189 Ignipotens
432 2132 504 2179 undis
514 2133 539 2180 et
549 2133 640 2188 Iapyge
649 2132 719 2188 ferri,

179 2205 264 2249 contre
274 2202 356 2248 eutem
366 2216 455 2260 magno
465 2203 613 2248 maerentem
623 2215 723 2256 eorpore
732 2200 818 2247 Nilum

179 2272 372 2328 pendentemque
382 2270 448 2317 sinus
458 2271 484 2317 et
493 2271 548 2317 tote
556 2270 623 2316 veste
632 2270 761 2316 vocantem

179 2339 315 2387 coeruleum
325 2338 351 2385 in
361 2339 480 2394 gremium
489 2337 656 2393 latebrosaque
662 2338 765 2385 flumina
770 2337 852 2386 victos.

179 2408 215 2454 nt
225 2409 323 2463 Caesar,
333 2407 425 2463 triplici
433 2407 543 2454 invectus
553 2406 664 2454 Romana
674 2406 801 2462 triumpho

180 2477 282 2592 111011(ῃὶεὲ
290 2477 329 2592 {iis
339 2476 409 2523 Itulis
417 2477 502 2523 votum
512 2474 649 2523 immortale
658 2475 772 2523 sacrabat

246 2557 267 2591 31
