1972 3164
423 159 533 201 AENEIS.
557 161 590 200 IX

122 265 159 302 710
171 255 238 302 Talis
247 257 273 302 in
283 257 390 304 Euboico
399 257 515 304 Baiarum
525 257 595 304 litore
604 257 724 313 qnondam

170 339 243 371 saxea
252 324 302 380 pila
311 325 385 382 csdit,
396 324 489 382 magnis
500 340 572 381 quam
582 324 685 373 molibus
696 327 753 373 ante

169 393 335 440 constructam
345 394 419 448 ponto
428 393 520 440 iaciunt
528 412 534 450 ;
550 393 584 440 sic
593 392 637 440 illa
646 392 742 440 ruinam

169 476 246 517 prona
256 461 333 508 trahit
343 461 484 517 penitusque
493 461 562 509 vadis
572 461 636 508 illisa
644 462 778 509 recumbit:

168 529 272 576 miscent
281 544 307 576 se
316 529 402 586 maria,
412 532 438 576 et
448 531 532 587 nigrae
543 531 693 577 attolluntur
702 531 806 578 harenae
815 549 821 586 ;

168 598 224 644 tum
234 598 316 644 sonitu
325 598 447 654 Ptochyta
456 599 509 646 alta
517 599 611 656 tremit,
622 600 757 656 durumque
767 599 845 647 cubile

169 666 276 714 Inarime
286 666 350 714 Iovis
360 667 467 723 imperiis
476 667 582 723 imposta
591 669 713 724 Typhoeo.

198 735 247 782 Hic
257 735 326 783 Mars
336 735 485 792 armipotens
495 736 603 783 animum
612 737 721 792 masque
731 737 826 784 Latinis

169 802 271 860 addidit,
281 805 306 850 et
316 803 425 851 stimulos
435 819 502 852 acres
513 805 557 852 sub
567 806 663 860 pectore
673 805 756 862 vertit,

168 871 315 928 immisitque
325 873 421 931 Fugam
431 873 529 921 Teucris
539 875 665 929 atrumque
676 873 805 921 Timorem.

122 960 159 998 720
170 940 282 996 Undique
292 942 445 999 conveniunt,
456 942 567 997 quoniam
577 941 636 989 data
645 942 714 998 copia
722 957 827 1000 pugnae,

169 1008 316 1066 bellatorque
326 1010 407 1057 animo
416 1010 474 1057 dens
484 1010 577 1058 incidit.

170 1077 296 1125 Pandarus
305 1081 334 1125 ut
344 1079 399 1126 fuso
409 1094 551 1137 germanum
562 1094 660 1134 corpore
670 1079 756 1134 cernit,

168 1146 195 1192 et
205 1160 252 1201 quo
261 1147 293 1193 sit
302 1147 404 1195 fortuna
413 1147 474 1202 loco,
484 1146 527 1202 qui
537 1161 607 1194 casus
617 1148 675 1202 agat
685 1161 732 1202 res,

169 1215 265 1269 portam
275 1215 300 1261 vi
309 1231 398 1272 magna
407 1229 523 1262 converso
533 1214 630 1261 cardine
639 1213 745 1269 torquet,

168 1281 271 1329 obnixus
281 1283 338 1330 latis
347 1283 445 1339 umeris,
456 1282 592 1337 multosque
603 1296 701 1329 suorum

122 1405 123 1408 Ἴ
169 1351 295 1398 moenibus
305 1351 415 1398 exclusos
423 1351 485 1397 duro
494 1350 520 1397 in
530 1350 662 1397 certamine
671 1350 759 1404 linquit
768 1369 774 1406 ;

169 1420 209 1466 ast
219 1419 279 1466 alios
290 1435 371 1467 secum
380 1418 483 1466 includit
493 1416 626 1473 recipitque
635 1419 743 1475 ruentes,

169 1487 277 1545 demens,
288 1487 329 1544 qui
338 1487 459 1534 Rutulum
469 1485 495 1532 in
508 1486 588 1532 medio
597 1500 646 1533 non
656 1486 752 1544 agmine
762 1501 843 1543 regem

169 1556 259 1603 viderit
268 1556 444 1612 irrumpentem
451 1554 563 1609 ultroque
571 1553 697 1600 incluserit
706 1553 770 1611 urbi,

122 1637 160 1676 730
169 1625 300 1671 immanem
311 1624 387 1671 veluti
396 1637 483 1679 pecora
492 1623 557 1669 inter
566 1620 654 1668 inertia
663 1621 754 1678 tigrim.

170 1693 293 1742 Continuo
302 1708 365 1740 nova
374 1692 417 1738 lux
427 1691 501 1738 oculis
511 1690 613 1747 effulsit,
623 1692 648 1736 et
658 1706 727 1737 arma

168 1762 318 1810 horrendum
328 1776 429 1809 sonuere
441 1779 446 1817 ;
461 1761 572 1807 tremunt
581 1759 608 1805 in
618 1759 708 1806 vertice
718 1758 806 1807 cristae

168 1831 324 1888 sanguineae,
334 1829 456 1886 clipeoque
464 1828 579 1876 micantia
588 1827 691 1874 fulmina
701 1827 786 1874 mittit.

168 1900 313 1956 Agnoscunt
322 1899 409 1946 faciem
418 1898 522 1945 invisam
531 1899 605 1953 atqua
614 1896 730 1943 immania
736 1895 845 1942 membra

169 1967 264 2015 turbati
274 1968 353 2015 subito
362 1968 500 2014 Aeneadae.
529 1966 593 2013 Tum
604 1966 733 2012 Pandarus
743 1964 828 2020 ingens

169 2037 259 2083 emicat
269 2038 294 2083 et
306 2036 389 2082 mortis
399 2035 523 2082 fraternae
532 2033 639 2080 fervidus
648 2033 686 2079 ira

168 2105 261 2152 effatur
272 2126 277 2151 ι
292 2104 363 2151 ‘Non
373 2104 431 2151 haec
441 2103 528 2150 dotalis
537 2101 606 2158 regia
612 2101 725 2156 Amatae,

169 2189 215 2220 nec
225 2173 300 2220 muris
310 2173 405 2221 cohibet
414 2172 500 2228 patriis
510 2169 589 2217 media
598 2169 680 2215 Ardea
691 2168 809 2214 Turnum.

170 2242 260 2290 Castra
269 2241 367 2288 inimica
375 2240 456 2287 vides:
471 2239 540 2286 nulla
549 2238 606 2284 hinc
616 2237 680 2284 exire
690 2234 816 2291 potestas!

122 2322 160 2361 740
171 2311 221 2358 Olli
231 2311 357 2357 subridens
367 2308 452 2356 sedato
461 2308 558 2363 pectora
569 2306 667 2352 Turnus

171 2380 278 2436 ‘Incipe‚
289 2379 309 2426 si
319 2394 366 2434 qua
376 2377 456 2424 animo
465 2376 553 2431 virtus,
564 2376 589 2420 et
599 2387 695 2421 consere
705 2371 816 2418 dextram
829 2391 834 2418 =

169 2449 209 2497 hic
218 2448 293 2496 etiam
303 2446 429 2494 inventum
439 2444 537 2492 Priamo
547 2441 658 2490 narrabis
666 2439 800 2488 Achillem!

218 2515 289 2566 (³41)
