1972 3164
451 351 473 390 Ρ,
485 350 605 392 venem
617 349 746 392 mneoms

212 470 249 508 240
258 447 306 504 ipsi
315 448 450 496 Laurentes
460 449 549 496 mutati
558 448 649 505 ipsique
659 449 750 497 Latini.

261 517 308 575 Qui
317 517 362 564 sibi
371 517 419 564 iem
429 518 535 574 requiem
545 533 640 574 pugnae
650 517 771 574 rebusque
781 517 888 566 salntem

260 586 400 642 sperabant,
411 602 476 633 nunc
486 601 554 633 arma
563 587 649 633 volunt
659 586 792 642 foedusque
807 588 941 642 precantur

260 654 379 701 infectum
388 656 413 701 et
424 654 501 700 Trrrni
510 655 600 701 sortem
610 655 762 701 miserantur
771 655 891 711 iniquam.

261 722 309 769 Hie
319 722 386 769 alind
395 722 473 769 meina
483 723 589 769 Iuturna
598 723 718 779 adiungit,
730 724 755 769 et
766 722 819 770 alto

261 791 304 837 dat
314 791 411 848 signum
421 790 495 847 caelo,
506 806 553 846 quo
562 806 612 839 non
621 790 775 846 praesentius
785 791 866 837 ullum

260 859 371 907 turbavit
380 859 474 906 mentes
484 859 561 906 Italas
571 862 726 915 monstroque
735 858 836 907 fefellit.

262 926 373 982 Namque
382 927 467 973 volans
476 927 551 973 rubra
560 927 643 974 fulvus
653 927 718 974 Iovis
728 927 780 975 eles
790 928 816 974 in
827 927 914 975 aethra

261 995 360 1042 litoreas
370 995 481 1054 agitabat
491 1011 548 1042 aves
557 995 702 1051 turbamque
711 998 843 1044 sonantem

262 1064 364 1119 agminis
374 1063 466 1120 aligeri,
477 1063 557 1111 subito
567 1079 622 1110 cum
632 1064 715 1120 lapsus
724 1064 758 1111 ad
767 1066 850 1112 undas

215 1147 253 1184 250
263 1147 363 1187 cycnum
374 1131 530 1178 excellentem
540 1131 640 1190 pedibus
649 1131 715 1188 rapit
725 1132 856 1188 improbus
865 1131 936 1180 uncis.

263 1200 383 1247 Arrexere
393 1199 485 1246 animoa
495 1199 562 1256 Itali,
573 1202 721 1256 cunctaeque
730 1201 846 1250 volucres

263 1269 409 1316 converiunt
419 1268 522 1314 clamore
532 1267 617 1324 fugem
628 1268 748 1323 (mirabile
757 1270 823 1326 visu)

263 1337 408 1391 aetheraque
419 1335 550 1383 obscurent
559 1336 653 1393 pennis,
662 1337 806 1392 hostemque
816 1353 863 1394 per
872 1351 937 1384 auras

262 1406 330 1452 facta
339 1404 402 1451 nube
412 1405 534 1461 premunt,
546 1403 621 1452 donec
630 1404 655 1450 ri
664 1404 744 1452 victus
753 1406 779 1452 et
788 1405 846 1461 ipso

263 1474 368 1530 pondere
378 1473 474 1530 defecit,
484 1473 645 1528 praedemque
655 1488 685 1520 ex
694 1473 821 1530 unguibus
831 1472 881 1521 ales

208 1583 211 1588 .
263 1541 364 1598 proiecit
374 1540 446 1588 fluvio
456 1541 599 1597 penitusque
608 1541 634 1588 in
644 1541 728 1588 nubila
737 1541 815 1598 fugit.

263 1611 327 1656 Tam
337 1623 394 1656 vero
404 1609 533 1665 angurium
543 1609 631 1655 Rutuli
641 1609 746 1656 clamore
755 1609 869 1657 salutant

264 1677 440 1733 expediuntque
447 1693 547 1734 menus;
563 1677 700 1732 primusque
711 1677 859 1726 Tolumnius
865 1691 938 1733 augur

265 1746 271 1768 ‘
280 1747 334 1793 Hoc
344 1747 405 1802 erat,
413 1745 466 1802 hoc,
477 1745 554 1792 votis’
566 1745 644 1800 inquit
656 1745 732 1801 ‘quod
747 1761 821 1802 saepe
831 1745 913 1802 petivi.

216 1825 254 1863 260
265 1815 364 1870 Accipio
374 1828 524 1870 agnoscoque
535 1813 591 1860 deos
600 1832 606 1869 ;
619 1828 666 1870 me,
678 1828 716 1860 me
727 1813 789 1860 duce
799 1814 893 1860 ferrum

264 1883 385 1938 corripite,
394 1897 408 1927 o
418 1881 507 1938 miseri,
518 1896 576 1936 quos
585 1880 708 1936 improbus
719 1880 817 1928 advena
825 1881 889 1929 bello

263 1950 370 2006 territat,
380 1949 499 1996 invalidas
508 1952 537 1996 ut
548 1965 612 2006 aves,
623 1951 648 1996 et
657 1949 731 1996 litore
739 1952 827 1998 vestra

263 2019 288 2066 vi
298 2017 398 2073 populat
408 2037 413 2064 ε
428 2019 496 2072 petet
505 2019 547 2065 ille
556 2018 641 2074 fugam
651 2020 796 2074 penitusque
807 2017 927 2074 profundo

262 2087 317 2134 vela
326 2085 402 2132 debit.
432 2085 481 2131 Vos
492 2085 602 2132 unanimi
611 2087 708 2133 densete
718 2090 841 2143 catervas,

263 2159 288 2203 et
298 2169 379 2211 regem
388 2153 456 2200 vobis
466 2169 549 2210 pugna
558 2154 679 2201 defendite
689 2156 809 2209 raptum]

263 2223 342 2279 Dixit,
353 2223 378 2269 et
388 2221 500 2268 adversos
510 2221 587 2269 telum
597 2222 715 2268 contorsit
724 2221 750 2268 in
760 2223 847 2270 hostes

264 2305 409 2348 procurrens
419 2310 424 2337 ι
438 2289 544 2337 sonitum
554 2291 597 2336 dat
607 2290 712 2338 stridula
721 2305 811 2337 cornus
821 2292 849 2337 et
859 2305 929 2337 auras

265 2363 332 2407 certa
345 2361 419 2407 secet.
449 2358 527 2405 Simul
541 2358 595 2414 hoc,
610 2359 682 2404 simul
698 2358 786 2415 ingens
805 2359 906 2415 clamor,
919 2359 940 2405 et

320 2442 404 2475 omnes

264 2495 358 2542 turbati
368 2493 445 2551 cunei,
457 2493 620 2549 calefactaque
631 2493 704 2540 corda
713 2493 835 2540 tumultu.

218 2583 255 2620 270
264 2563 346 2609 Hasta
354 2564 447 2619 volans,
453 2564 481 2608 nt
491 2562 554 2608 forte
564 2577 650 2608 novem
660 2561 827 2617 pulcherrima
837 2561 939 2609 fratrom

264 2645 365 2686 corpora
375 2631 535 2679 constiterant
545 2633 637 2686 contra,
649 2645 707 2686 quos
717 2629 767 2676 fida
777 2633 880 2677 crearat

313 2700 320 2745 (
330 2713 365 2747 41²
375 2700 383 2746 >
