1972 3164
108 109 461 118 -—.—-——..
469 114 480 118 -

357 304 380 344 P.
393 304 512 346 vasam
524 305 654 350 masonis

167 416 198 449 ne
207 416 257 461 qna
265 417 334 450 mora
342 401 450 460 ignaros,
460 402 502 450 ubi
511 403 617 459 primum
626 404 717 453 uellere
725 405 797 464 signa

132 489 158 516 ao
168 471 301 518 annuerint
312 471 397 527 Superi
407 471 541 528 pubemque
550 472 653 520 educere
662 473 757 532 eastris,

166 540 292 598 impediat,
303 540 412 597 segnisve
421 542 490 587 metu
499 541 622 588 sententia
631 541 722 589 tardet.

168 608 267 656 Interea
276 608 351 656 socios
360 608 534 664 inhumataque
544 625 646 666 corpora
655 611 738 658 terrae

168 677 318 734 mandemus,
329 677 370 733 qui
379 676 443 724 solus
452 677 528 725 honos
538 677 677 726 Acheronte
685 679 731 726 sub
740 679 789 726 imo
797 680 842 727 est.

169 746 223 794 Ite’
234 746 277 803 ait,
289 745 413 804 ‘egregias
423 746 524 804 animas,
534 762 596 803 quae
606 747 725 804 sanguine
732 747 801 794 nobis

168 813 231 862 hanc
241 814 346 871 patriam
356 829 470 870 peperere
479 830 530 872 suo,
541 814 653 862 decorate
664 815 784 870 supremis

169 883 317 940 muneribus,
324 884 487 938 maestamque
497 883 607 931 Evandri
615 883 709 939 primus
719 883 751 930 ad
759 883 843 930 urbem

168 951 283 998 mittatur
292 951 383 1007 Pallas,
393 966 463 1008 quem
473 966 522 998 non
530 951 630 998 virtutis
640 954 753 1008 egentem

169 1020 271 1067 abstulit
281 1021 337 1067 atra
346 1020 396 1067 dies
406 1021 431 1067 et
440 1019 526 1066 funere
536 1019 621 1067 mersit
631 1020 737 1068 acerbo!

198 1087 237 1136 Sic
247 1088 282 1134 ait
292 1088 437 1135 illacrimam
447 1087 578 1144 recipimus
588 1088 620 1135 ad
629 1088 715 1134 limina
724 1103 833 1145 gressum

137 1179 161 1216 30
169 1172 256 1212 corpus
265 1157 307 1203 ubi
316 1156 421 1204 exanimi
430 1156 534 1212 positum
544 1155 664 1203 Pallantis
675 1158 780 1205 Acoetes

169 1225 282 1273 servabat
291 1225 379 1283 senior,
390 1225 431 1281 qui
440 1225 569 1272 Parrhasio
579 1226 695 1274 Evandro

168 1294 275 1353 armiger
284 1296 342 1342 aute
351 1294 407 1351 fuit,
418 1294 460 1341 sed
469 1309 517 1341 non
526 1293 636 1341 felicibus
646 1309 722 1350 aeque

169 1364 223 1411 tum
233 1379 311 1411 comes
320 1363 433 1419 auspiciis
443 1377 498 1410 caro
507 1362 580 1408 datus
589 1362 642 1408 ibat
652 1362 762 1411 alumno.

170 1432 266 1480 Circum
291 1431 368 1479 omnis
391 1431 555 1486 famulumque
579 1445 667 1477 manus
691 1431 842 1487 Troianaque

224 1500 306 1557 turba,

168 1570 194 1615 et
203 1571 323 1616 maestum
334 1569 422 1616 Hiades
432 1569 521 1616 crinem
531 1568 561 1616 de
570 1583 636 1616 mors
645 1568 750 1617 solutae.

169 1637 206 1685 Ut
216 1653 273 1685 vere
281 1638 377 1685 Aeneas
386 1638 479 1685 foribus
489 1653 539 1685 sese
549 1637 633 1684 intulit
643 1636 710 1695 altis,

169 1707 291 1763 ingentem
302 1706 419 1763 gemitum
427 1707 506 1753 tunsis
517 1707 548 1753 ad
558 1706 637 1752 sidera
646 1705 740 1752 tollunt

169 1775 313 1831 pectoribus,
324 1777 463 1831 maestoque
472 1774 584 1830 immugit
594 1773 663 1830 regia
672 1773 751 1820 luctu.

170 1845 225 1898 Ipse
236 1845 309 1898 caput
318 1843 383 1889 nivei
392 1843 483 1889 fultum
495 1842 613 1889 Pallantis
623 1843 648 1888 et
658 1857 702 1888 ora

134 1931 159 1969 ⁴0
170 1912 200 1957 ut
209 1910 279 1966 vidit,
289 1909 382 1964 levique
393 1911 479 1965 patens
489 1910 516 1956 in
525 1913 622 1966 pectore
631 1910 721 1956 vulnus

169 1978 273 2033 cuspidis
282 1977 411 2033 Ausoniae,
422 1976 528 2024 lacrimis
538 1978 574 2025 ita
583 1979 651 2025 fatur
661 1977 763 2024 obortis.

169 2047 248 2094 ‘Tene
257 2046 263 2066 ’
273 2044 360 2101 inquit,
370 2044 519 2092 ‘miserande
529 2062 597 2103 puer,
605 2061 660 2093 cum
669 2045 844 2103 laetareniret,

169 2115 256 2163 invidit
266 2113 376 2160 Fortuna
385 2113 452 2169 mihi,
463 2129 494 2160 ne
505 2130 581 2169 regna
590 2114 684 2160 videres

170 2186 254 2232 nostra
263 2197 339 2238 neque
349 2181 380 2228 ad
390 2182 457 2228 sedes
468 2182 547 2228 victor
556 2181 670 2228 veherere
680 2183 818 2237 paternas?

170 2254 227 2302 Non
237 2253 297 2300 haec
307 2250 421 2298 Evandro
431 2250 460 2297 de
470 2252 495 2296 te
504 2249 624 2306 promissa
633 2250 732 2304 parenti

171 2322 294 2370 discedens
304 2319 425 2375 dederam,
436 2334 491 2366 oum
501 2333 539 2364 me
550 2317 688 2373 complexus
697 2319 800 2365 euntem

170 2391 280 2438 mitteret
296 2389 322 2435 in
339 2403 453 2444 magnum
469 2386 605 2442 imperium,
621 2387 781 2442 metuensque
798 2401 848 2434 mo·

225 2459 295 2505 neret

169 2542 237 2572 acres
247 2541 297 2574 esse
307 2525 378 2581 vires,
389 2539 443 2572 cum
454 2523 515 2570 dura
524 2522 615 2578 proclia
624 2522 704 2578 gente.

170 2592 205 2640 Et
215 2609 279 2641 nunc
288 2593 329 2640 ille
338 2593 433 2648 quidem
443 2607 485 2647 spe
495 2591 599 2638 multum
609 2591 695 2645 captus
705 2589 776 2638 inani

217 2662 226 2709 (
235 2662 286 2710 376)
