1972 3164
440 152 461 191 P.
474 151 593 191 VERGILI
607 150 738 192 maome

251 249 256 270 ‘
266 249 354 305 Ecquis
377 249 433 304 erit,
457 264 559 307 meeum,
585 249 693 307 iuvenes,
718 249 760 306 qui
787 251 883 307 primus
905 251 931 300 in

306 318 400 366 hostem
408 320 447 364 i·-

251 387 298 434 En'
310 387 353 445 eit,
364 389 389 435 et
398 385 504 434 iseulum
514 388 656 444 attorquens
669 386 763 436 emittit
772 387 801 436 in
810 404 893 447 eures,

251 455 396 512 principium
403 471 508 512 pugnae,
519 456 544 503 et
553 469 639 511 eampo
648 470 701 503 sese
710 456 807 504 uiduus
817 458 903 506 infert.

251 525 387 573 Clamorem
397 523 521 580 excipiunt
530 523 588 571 eoeii
597 523 746 580 fremituque
755 528 895 581 sequuntur

250 592 376 640 horrisono
386 612 391 640 ε
408 592 530 639 Teucrum
539 591 663 639 mirentur
670 592 761 640 inertie
771 595 856 654 eorde,

250 676 300 708 non
309 676 385 717 aequo
394 661 452 708 dure
462 675 488 708 ee
497 675 591 718 eampo,
601 675 651 708 non
661 660 733 709 obvie
741 661 811 710 ferre

251 745 320 777 erma
329 729 403 787 viros,
413 728 455 776 sed
464 730 546 776 eastre
554 728 644 777 lovere.
669 729 728 778 Hue
733 730 850 781 turbidus
858 732 930 790 etque

308 797 356 845 bue

251 866 343 913 lustret
352 881 413 922 equo
422 880 504 913 mures
515 865 657 922 editumque
667 881 711 922 per
721 866 778 915 uvis
787 867 892 926 quaerit.

251 935 289 983 Ae
298 934 375 982 veluti
384 935 456 991 pleno
464 935 538 991 lupus
547 935 675 983 insidiatus
684 936 744 984 ovili

216 1012 241 1050 ⁶0
252 1019 308 1051 eum
317 1003 402 1050 fremit
410 1003 442 1050 ud
452 1003 542 1060 euulsa,
550 1005 635 1051 ventos
645 1005 774 1060 perpessus
784 1007 811 1054 et
819 1005 915 1064 imbres,

252 1073 322 1119 noete
332 1086 405 1128 super
414 1071 492 1118 medin
501 1091 508 1129 ;
523 1071 573 1120 tuti
582 1070 627 1120 sub
636 1072 757 1122 matribus
768 1074 829 1132 egui

251 1140 362 1187 balatum
372 1141 502 1197 exereent3
516 1140 558 1188 ille
567 1155 638 1196 seper
647 1141 672 1188 et
681 1140 809 1198 improbus
818 1142 857 1190 iru

252 1208 329 1257 suevit
338 1208 364 1255 in
373 1207 493 1266 absentes,
506 1208 608 1257 eolleetu
617 1208 708 1267 bugat
717 1209 808 1259 edendi

253 1292 284 1324 ex
293 1276 366 1332 longo
374 1275 453 1325 rabies
462 1278 489 1323 et
497 1276 576 1324 sieeee
585 1277 703 1334 sunguine
713 1277 807 1327 fuuees.

252 1345 328 1392 Haud
337 1345 408 1392 eliber
416 1344 512 1393 Rutulo
521 1360 603 1393 mures
612 1348 637 1393 et
647 1347 731 1394 eeetrs
737 1347 821 1395 tuenti

252 1414 380 1471 ignescunt
389 1412 440 1461 irae
450 1432 456 1470 ;
471 1413 540 1462 (luris
550 1413 618 1461 dolor
626 1413 720 1462 ossibus
729 1415 811 1474 ardet,

252 1498 301 1539 que
310 1483 414 1538 temptet
424 1482 518 1531 retione
527 1483 608 1530 editus
618 1483 644 1530 et
654 1497 716 1540 quee
725 1483 766 1531 vis
776 1483 873 1532 clausos

252 1550 361 1598 excutiet
371 1550 477 1597 Teucros
486 1551 551 1598 vello
560 1552 633 1607 utque
642 1551 755 1600 effundet
763 1552 791 1600 in
800 1567 914 1609 mquum.

254 1619 369 1676 classem,
380 1634 442 1675 quse
451 1619 524 1666 leteri
533 1620 669 1667 eestrorum
679 1619 797 1668 ediunete
805 1620 909 1678 latebat,

218 1704 244 1741 ⁷0
254 1687 382 1747 aggeribus
393 1689 503 1744 saeptam
513 1688 604 1736 eireum
613 1689 640 1735 et
650 1687 789 1737 fluvialibus
800 1689 883 1748 undis,

252 1756 347 1804 invadit
357 1756 478 1811 sociosque
487 1756 598 1803 ineendin
607 1756 685 1812 poscit
693 1757 804 1815 orentes,

253 1826 326 1880 etque
336 1839 436 1870 manum
446 1823 507 1880 pinu
515 1823 631 1880 flagranti
640 1823 749 1871 fervidus
758 1823 854 1881 implet.

253 1893 317 1940 Tum
326 1908 384 1940 vero
393 1892 538 1939 incumbunt
548 1911 554 1949 ;
569 1894 641 1949 urget
650 1892 790 1949 praesentia
801 1893 882 1940 Turni
888 1912 896 1950 ς

253 1963 326 2017 etque
336 1961 414 2008 omnis
424 1960 518 2008 facibus
528 1960 604 2017 pubes
613 1960 751 2019 aecingitur
760 1960 831 2008 atris.

254 2029 384 2086 Diripuere
394 2028 461 2076 focos
471 2047 477 2086 ;
492 2028 586 2085 piceum
596 2028 646 2075 tert
655 2028 750 2076 tumide
758 2028 843 2077 lumen

253 2098 327 2144 tuede
335 2099 361 2144 et
371 2097 527 2145 commixtum
537 2097 661 2144 Vulcanus
672 2097 704 2144 ed
712 2098 782 2145 estre
791 2096 911 2144 favillam.

282 2166 342 2222 Quis
352 2166 419 2223 deus,
429 2180 445 2212 0
454 2166 549 2222 Musae,
559 2167 611 2212 tem
621 2181 694 2213 saeve
705 2165 819 2213 ineendiu
832 2165 931 2214 Teucris

253 2235 360 2282 evertit?
372 2236 455 2280 tentos
466 2233 561 2280 retibus
571 2234 623 2291 quis
633 2234 726 2290 depulit
735 2234 820 2292 ignee?

254 2303 342 2350 Dicite.
373 2303 457 2349 Prisce
465 2302 523 2349 fides
533 2303 609 2360 iacto,
621 2303 663 2350 sed
672 2303 740 2351 ieme
749 2302 872 2358 perennis.

219 2384 245 2421 ee
254 2369 373 2427 Tempore
383 2385 431 2426 quo
440 2369 548 2426 primum
558 2370 667 2428 Phrygis
676 2370 800 2418 tormebet
809 2371 835 2418 in
845 2371 892 2418 Idu

254 2437 348 2485 Aeneas
358 2438 458 2485 classem
468 2439 494 2486 et
504 2437 584 2496 pelagi
593 2440 676 2494 petere
685 2438 738 2486 ulte
747 2438 862 2496 parebat,

301 2505 310 2552 l
319 2506 372 2554 3²0)
