1972 3164
343 165 365 203 P.
378 163 499 205 VERGILI
511 163 643 206 nasonis

153 262 290 318 quaesitum
299 261 401 311 Aenean
410 265 436 310 et
446 263 541 311 moenia
551 262 690 322 Pallantea,

153 345 210 378 mcx
219 330 260 379 hie
269 346 325 378 cum
335 332 417 387 spoliis
426 331 522 389 ingenti
531 332 603 380 caede
613 335 718 389 peracta

153 399 230 446 affore
241 399 352 447 cernetis.
382 400 434 447 Nec
443 415 487 447 nos
497 399 537 447 ria
546 399 613 447 tuns
623 402 712 449 euntes
723 422 729 449 ε

153 467 257 514 vidimus
267 467 375 516 obscuris
385 467 489 524 primam
498 467 543 514 sub
553 467 660 515 vallibus
670 469 759 517 urbem

154 538 245 583 venatu
254 536 359 593 assiduo,
369 538 395 584 et
405 538 486 584 totum
495 536 653 593 eognovimus
663 538 780 585 amnem!

154 604 203 652 Hic
213 604 283 651 aunis
292 604 374 661 gravis
384 607 456 660 atque
466 604 541 652 animi
550 606 664 652 maturus
674 605 761 654 Aletes
774 626 780 652 ι

157 673 164 694 ⁴
174 673 208 719 Di
218 673 301 730 patrii,
311 688 414 729 quornm
423 688 518 729 semper
528 673 573 720 sub
582 674 684 722 numine
694 675 771 723 Troia
776 677 823 733 est,

155 757 204 788 non
213 743 296 788 tamen
305 742 403 789 omnino
412 742 518 789 Teucros
527 741 607 789 delere
618 744 725 800 paratis,

156 826 211 857 cum
221 810 282 857 tales
292 810 384 857 animos
393 810 508 858 iuvenum
518 811 544 857 et
552 812 605 857 tam
615 811 685 858 certa
694 812 788 861 tulistis

109 899 147 934 250
156 878 272 934 pectora!
302 877 342 926 Sic
356 893 600 926 memoransumeros
613 879 763 938 dextrasque
772 885 837 932 tane-

156 1014 290 1072 ambcrum,
301 1015 326 1062 et
335 1015 431 1062 vultum
440 1015 546 1063 lacrimis
555 1017 630 1072 atque
640 1031 686 1064 ora
698 1018 805 1075 rigabat.

157 1083 164 1104 ⁴
174 1083 241 1140 Quas
250 1083 326 1140 vobis,
337 1099 398 1139 quae
407 1083 490 1141 digna,
499 1083 554 1141 viri,
565 1099 610 1140 pro
619 1084 736 1134 laudibus
746 1087 800 1134 istis

156 1152 264 1208 praemia
272 1167 340 1208 posse
350 1167 405 1199 rear
416 1152 491 1200 solvi?
520 1152 688 1201 Pulcherrima
698 1155 807 1210 primum

157 1220 182 1267 di
192 1236 316 1276 moresque
326 1219 419 1267 dabunt
429 1220 521 1278 vestri3
537 1221 592 1268 tum
601 1223 686 1270 cetera
696 1223 784 1271 reddet

157 1291 268 1337 actutum
278 1291 332 1345 pius
342 1289 438 1337 Aeneas
448 1290 523 1345 atqua
532 1289 628 1347 integer
637 1290 693 1338 aevi

157 1358 285 1415 Ascanius,
295 1358 376 1406 meriti
386 1358 452 1405 tanti
460 1373 510 1406 non
519 1357 647 1405 immemor
655 1361 792 1416 umquam.’

158 1427 164 1448 ‘
174 1427 252 1474 Immo
261 1442 306 1484 ego
315 1442 367 1484 vos,
378 1427 418 1475 cui
428 1426 480 1475 scla
489 1427 555 1475 sclua
564 1426 675 1485 genitore
684 1429 805 1487 reducto?

157 1495 247 1552 excipit
256 1495 385 1553 Ascanius,
398 1495 455 1552 ‘per
464 1511 573 1554 magnos,
584 1496 653 1553 Nise,
664 1496 772 1545 Penates

158 1564 318 1619 Assaracique
328 1564 416 1612 Larem
427 1564 453 1612 at
462 1579 537 1612 canae
547 1563 682 1620 penetralia
691 1564 785 1613 Vestae

111 1639 148 1678 260
159 1634 280 1689 obtestor3
296 1647 459 1688 quaecumque
469 1633 528 1680 mihi
537 1633 637 1679 fortuna
646 1632 754 1689 fidesque
763 1637 810 1692 est,

158 1703 184 1750 in
194 1702 281 1749 vestris
291 1716 355 1758 ponc
363 1701 461 1758 gremiis
470 1720 476 1757 ;
489 1701 601 1748 revocate
611 1702 748 1759 parentem,

158 1771 252 1818 reddite
262 1771 416 1825 conspectum
426 1789 432 1826 ;
446 1769 507 1816 nihil
516 1769 558 1816 illo
567 1769 638 1816 triste
648 1772 754 1825 recepto.

158 1840 223 1887 Bina
232 1839 294 1886 dabo
303 1839 405 1894 argento
414 1838 524 1893 perfecta
533 1840 605 1893 atque
615 1852 702 1893 aspera
711 1837 788 1896 signis

158 1908 252 1964 pocula,
263 1907 359 1954 devicta
367 1906 464 1963 genitor
474 1921 534 1961 quae
544 1905 607 1961 cepit
617 1905 716 1962 Arisba,

158 1978 183 2024 et
192 1976 302 2032 tripodas
311 1975 427 2032 geminos,
438 1974 492 2020 auri
501 1974 549 2020 duo
558 1989 647 2030 magua
656 1972 760 2030 talenta,

158 2047 254 2093 cratera
264 2043 399 2100 antiquum,
409 2057 480 2098 quem
491 2041 533 2089 dat
544 2040 641 2088 Sidonia
651 2040 723 2088 Dido.

159 2113 185 2160 Si
193 2128 251 2160 vero
261 2126 345 2167 capere
355 2110 453 2157 Italiam
464 2109 612 2165 sceptrisque
622 2107 694 2164 potiri

159 2181 287 2237 contigerit
297 2178 384 2226 victori
393 2180 418 2225 et
428 2178 531 2233 praedae
541 2177 619 2224 dicere
629 2178 728 2233 sortem,

160 2250 241 2297 vidisti
251 2264 297 2305 quo
308 2249 405 2294 Turnus
415 2262 483 2303 equo,
495 2246 580 2302 quibus
590 2245 642 2291 ibat
651 2245 677 2291 iu
687 2244 762 2291 armis

112 2343 149 2377 270
160 2334 247 2366 aureus
258 2338 263 2365 ι
278 2317 358 2373 ipsum
368 2316 445 2371 illum,
456 2315 560 2370 elipeum
570 2314 702 2369 cristasque
712 2313 831 2361 rubentes

159 2387 276 2443 excipiam
287 2385 354 2443 sorti,
366 2385 415 2431 iam
425 2399 490 2431 nunc
499 2385 544 2430 tua
553 2382 668 2439 praemia,
679 2382 747 2430 Nise.

400 2471 436 2503 268.
457 2478 475 2502 a.
483 2467 496 2502 1.
505 2466 597 2503 ‘ducere’

210 2522 217 2571 (
228 2525 264 2571 326
274 2523 281 2570 l
