<?xml version="1.0" encoding="UTF-8"?>
<!DOCTYPE html PUBLIC "-//W3C//DTD XHTML 1.0 Transitional//EN"
    "http://www.w3.org/TR/xhtml1/DTD/xhtml1-transitional.dtd">
<html xmlns="http://www.w3.org/1999/xhtml" xml:lang="en" lang="en">
 <head>
  <title>
</title>
<meta http-equiv="Content-Type" content="text/html;charset=utf-8" />
  <meta name='ocr-system' content='tesseract 3.04.00' />
  <meta name='ocr-capabilities' content='ocr_page ocr_carea ocr_par ocr_line ocrx_word'/>
</head>
<body>
  <div class='ocr_page' id='page_1' title='image "./pvergilimaronis07virggoog/pvergilimaronis07virggoog_0441.png"; bbox 0 0 1972 3164; ppageno 0'>
   <div class='ocr_carea' id='block_1_1' title="bbox 371 347 668 388">
    <p class='ocr_par' dir='ltr' id='par_1_1' title="bbox 371 347 668 388">
     <span class='ocr_line' id='line_1_1' title="bbox 371 347 668 388; baseline 0.003 -2"><span class='ocrx_word' id='word_1_1' title='bbox 371 348 394 386; x_wconf 85' lang='lat' dir='ltr'>P.</span> <span class='ocrx_word' id='word_1_2' title='bbox 407 347 527 388; x_wconf 82' lang='lat' dir='ltr'><strong>VERGILI</strong></span> <span class='ocrx_word' id='word_1_3' title='bbox 539 347 668 388; x_wconf 74' lang='lat' dir='ltr'>morus</span> 
     </span>
    </p>
   </div>
   <div class='ocr_carea' id='block_1_2' title="bbox 134 442 860 910">
    <p class='ocr_par' dir='ltr' id='par_1_2' title="bbox 134 442 860 910">
     <span class='ocr_line' id='line_1_2' title="bbox 181 442 804 500; baseline 0 -10"><span class='ocrx_word' id='word_1_4' title='bbox 181 443 229 491; x_wconf 90' lang='lat' dir='ltr'>huc</span> <span class='ocrx_word' id='word_1_5' title='bbox 239 444 312 498; x_wconf 81' lang='lat' dir='ltr'>atque</span> <span class='ocrx_word' id='word_1_6' title='bbox 320 442 368 491; x_wconf 89' lang='lat' dir='ltr'>huc</span> <span class='ocrx_word' id='word_1_7' title='bbox 378 442 441 491; x_wconf 83' lang='lat' dir='ltr'>acies</span> <span class='ocrx_word' id='word_1_8' title='bbox 451 442 609 500; x_wconf 70' lang='lat' dir='ltr'>circumtulit,</span> <span class='ocrx_word' id='word_1_9' title='bbox 619 443 708 500; x_wconf 86' lang='lat' dir='ltr'>aspicit</span> <span class='ocrx_word' id='word_1_10' title='bbox 717 443 804 491; x_wconf 90' lang='lat' dir='ltr'>urbem</span> 
     </span>
     <span class='ocr_line' id='line_1_3' title="bbox 181 512 855 568; baseline -0.001 -9"><span class='ocrx_word' id='word_1_11' title='bbox 181 512 314 559; x_wconf 90' lang='lat' dir='ltr'>immunem</span> <span class='ocrx_word' id='word_1_12' title='bbox 321 512 386 559; x_wconf 77' lang='lat' dir='ltr'>tanti</span> <span class='ocrx_word' id='word_1_13' title='bbox 395 512 452 559; x_wconf 91' lang='lat' dir='ltr'>belli</span> <span class='ocrx_word' id='word_1_14' title='bbox 461 514 534 567; x_wconf 81' lang='lat' dir='ltr'>etque</span> <span class='ocrx_word' id='word_1_15' title='bbox 543 512 641 568; x_wconf 89' lang='lat' dir='ltr'>impune</span> <span class='ocrx_word' id='word_1_16' title='bbox 651 512 767 568; x_wconf 77' lang='lat' dir='ltr'><strong>quietam.</strong></span> <span class='ocrx_word' id='word_1_17' title='bbox 846 560 855 567; x_wconf 70' lang='grc'>,</span> 
     </span>
     <span class='ocr_line' id='line_1_4' title="bbox 134 580 741 637; baseline -0.003 -8"><span class='ocrx_word' id='word_1_18' title='bbox 134 581 171 629; x_wconf 79' lang='lat'>5⁶0</span> <span class='ocrx_word' id='word_1_19' title='bbox 183 581 306 628; x_wconf 79' lang='lat' dir='ltr'>Continuo</span> <span class='ocrx_word' id='word_1_20' title='bbox 315 596 411 637; x_wconf 77' lang='lat' dir='ltr'>pugneo</span> <span class='ocrx_word' id='word_1_21' title='bbox 420 581 530 628; x_wconf 79' lang='lat' dir='ltr'>accendit</span> <span class='ocrx_word' id='word_1_22' title='bbox 539 580 637 628; x_wconf 87' lang='lat' dir='ltr'>maioris</span> <span class='ocrx_word' id='word_1_23' title='bbox 646 580 741 636; x_wconf 75' lang='lat' dir='ltr'>imago:</span> 
     </span>
     <span class='ocr_line' id='line_1_5' title="bbox 182 649 860 706; baseline -0.003 -10"><span class='ocrx_word' id='word_1_24' title='bbox 182 649 312 697; x_wconf 85' lang='lat' dir='ltr'>Mnesthea</span> <span class='ocrx_word' id='word_1_25' title='bbox 319 649 504 706; x_wconf 78' lang='lat' dir='ltr'>Sergestumque</span> <span class='ocrx_word' id='word_1_26' title='bbox 511 650 582 696; x_wconf 84' lang='lat' dir='ltr'>vocet</span> <span class='ocrx_word' id='word_1_27' title='bbox 591 649 727 704; x_wconf 87' lang='lat' dir='ltr'>fortemque</span> <span class='ocrx_word' id='word_1_28' title='bbox 738 649 860 695; x_wconf 90' lang='lat' dir='ltr'>Serestum</span> 
     </span>
     <span class='ocr_line' id='line_1_6' title="bbox 183 717 841 773; baseline -0.003 -8"><span class='ocrx_word' id='word_1_29' title='bbox 183 718 296 765; x_wconf 87' lang='lat' dir='ltr'>ductores</span> <span class='ocrx_word' id='word_1_30' title='bbox 306 717 475 772; x_wconf 88' lang='lat' dir='ltr'>tumulumque</span> <span class='ocrx_word' id='word_1_31' title='bbox 484 717 558 773; x_wconf 89' lang='lat' dir='ltr'>capit,</span> <span class='ocrx_word' id='word_1_32' title='bbox 569 732 616 773; x_wconf 87' lang='lat' dir='ltr'>quo</span> <span class='ocrx_word' id='word_1_33' title='bbox 626 719 709 764; x_wconf 86' lang='lat' dir='ltr'>cetera</span> <span class='ocrx_word' id='word_1_34' title='bbox 719 718 841 764; x_wconf 80' lang='lat' dir='ltr'>Teucrum</span> 
     </span>
     <span class='ocr_line' id='line_1_7' title="bbox 183 785 756 842; baseline -0.002 -10"><span class='ocrx_word' id='word_1_35' title='bbox 183 785 306 832; x_wconf 84' lang='lat' dir='ltr'>concurrit</span> <span class='ocrx_word' id='word_1_36' title='bbox 315 785 385 842; x_wconf 86' lang='lat' dir='ltr'>legio,</span> <span class='ocrx_word' id='word_1_37' title='bbox 395 800 440 831; x_wconf 91' lang='lat' dir='ltr'>nec</span> <span class='ocrx_word' id='word_1_38' title='bbox 450 786 520 832; x_wconf 85' lang='lat' dir='ltr'>scuta</span> <span class='ocrx_word' id='word_1_39' title='bbox 529 787 573 832; x_wconf 84' lang='grc'>1111</span> <span class='ocrx_word' id='word_1_40' title='bbox 583 785 675 840; x_wconf 85' lang='lat' dir='ltr'>spicula</span> <span class='ocrx_word' id='word_1_41' title='bbox 685 785 756 832; x_wconf 87' lang='lat' dir='ltr'>densi</span> 
     </span>
     <span class='ocr_line' id='line_1_8' title="bbox 157 852 792 910; baseline 0 -10"><span class='ocrx_word' id='word_1_42' title='bbox 157 861 162 872; x_wconf 91' lang='lat'>&#39;</span> <span class='ocrx_word' id='word_1_43' title='bbox 183 855 315 909; x_wconf 90' lang='lat' dir='ltr'>deponunt.</span> <span class='ocrx_word' id='word_1_44' title='bbox 333 852 416 901; x_wconf 81' lang='lat' dir='ltr'>&#39;Celso</span> <span class='ocrx_word' id='word_1_45' title='bbox 425 853 517 900; x_wconf 91' lang='lat' dir='ltr'>medius</span> <span class='ocrx_word' id='word_1_46' title='bbox 527 855 595 900; x_wconf 85' lang='lat' dir='ltr'>stans</span> <span class='ocrx_word' id='word_1_47' title='bbox 604 868 694 910; x_wconf 77' lang='lat' dir='ltr'>aggere</span> <span class='ocrx_word' id='word_1_48' title='bbox 704 853 792 900; x_wconf 80' lang='lat' dir='ltr'>tatur:</span> 
     </span>
    </p>
   </div>
   <div class='ocr_carea' id='block_1_3' title="bbox 138 920 853 2612">
    <p class='ocr_par' dir='ltr' id='par_1_3' title="bbox 183 920 853 1250">
     <span class='ocr_line' id='line_1_9' title="bbox 184 920 853 978; baseline 0 -10"><span class='ocrx_word' id='word_1_49' title='bbox 184 920 223 968; x_wconf 89' lang='lat' dir='ltr'>‘N</span> <span class='ocrx_word' id='word_1_50' title='bbox 223 937 237 968; x_wconf 89' lang='lat' dir='ltr'>e</span> <span class='ocrx_word' id='word_1_51' title='bbox 246 937 295 977; x_wconf 90' lang='lat' dir='ltr'>qna</span> <span class='ocrx_word' id='word_1_52' title='bbox 303 922 361 968; x_wconf 90' lang='lat' dir='ltr'>meis</span> <span class='ocrx_word' id='word_1_53' title='bbox 371 923 423 968; x_wconf 88' lang='lat' dir='ltr'>esto</span> <span class='ocrx_word' id='word_1_54' title='bbox 432 921 503 968; x_wconf 89' lang='lat' dir='ltr'>dictis</span> <span class='ocrx_word' id='word_1_55' title='bbox 512 936 594 976; x_wconf 79' lang='lat' dir='ltr'>mora3</span> <span class='ocrx_word' id='word_1_56' title='bbox 609 921 720 976; x_wconf 83' lang='lat' dir='ltr'>Iuppiter</span> <span class='ocrx_word' id='word_1_57' title='bbox 731 921 779 969; x_wconf 83' lang='lat' dir='ltr'>huo</span> <span class='ocrx_word' id='word_1_58' title='bbox 786 923 838 968; x_wconf 83' lang='lat' dir='ltr'>stat</span> <span class='ocrx_word' id='word_1_59' title='bbox 847 941 853 978; x_wconf 88' lang='lat'><strong>;</strong></span> 
     </span>
     <span class='ocr_line' id='line_1_10' title="bbox 183 988 818 1046; baseline 0 -11"><span class='ocrx_word' id='word_1_60' title='bbox 183 1004 232 1036; x_wconf 88' lang='lat' dir='ltr'>nen</span> <span class='ocrx_word' id='word_1_61' title='bbox 241 990 294 1045; x_wconf 87' lang='lat' dir='ltr'>quis</span> <span class='ocrx_word' id='word_1_62' title='bbox 304 989 334 1037; x_wconf 93' lang='lat' dir='ltr'>ob</span> <span class='ocrx_word' id='word_1_63' title='bbox 343 990 467 1045; x_wconf 89' lang='lat' dir='ltr'>inceptum</span> <span class='ocrx_word' id='word_1_64' title='bbox 478 989 584 1037; x_wconf 88' lang='lat' dir='ltr'>subitum</span> <span class='ocrx_word' id='word_1_65' title='bbox 594 988 654 1035; x_wconf 88' lang='lat' dir='ltr'>mihi</span> <span class='ocrx_word' id='word_1_66' title='bbox 664 989 764 1046; x_wconf 79' lang='lat' dir='ltr'>segnior</span> <span class='ocrx_word' id='word_1_67' title='bbox 774 991 818 1036; x_wconf 85' lang='lat' dir='ltr'>ito.</span> 
     </span>
     <span class='ocr_line' id='line_1_11' title="bbox 184 1056 798 1115; baseline 0 -11"><span class='ocrx_word' id='word_1_68' title='bbox 184 1057 277 1104; x_wconf 86' lang='lat' dir='ltr'>Urbem</span> <span class='ocrx_word' id='word_1_69' title='bbox 286 1057 365 1115; x_wconf 88' lang='lat' dir='ltr'>hodic,</span> <span class='ocrx_word' id='word_1_70' title='bbox 375 1073 473 1105; x_wconf 89' lang='lat' dir='ltr'>causam</span> <span class='ocrx_word' id='word_1_71' title='bbox 482 1057 547 1114; x_wconf 90' lang='lat' dir='ltr'>belli,</span> <span class='ocrx_word' id='word_1_72' title='bbox 558 1072 634 1113; x_wconf 83' lang='lat' dir='ltr'>regne</span> <span class='ocrx_word' id='word_1_73' title='bbox 639 1056 693 1112; x_wconf 85' lang='lat' dir='ltr'>ipsa</span> <span class='ocrx_word' id='word_1_74' title='bbox 703 1058 798 1114; x_wconf 88' lang='lat' dir='ltr'>Latini,</span> 
     </span>
     <span class='ocr_line' id='line_1_12' title="bbox 183 1125 766 1182; baseline 0 -11"><span class='ocrx_word' id='word_1_75' title='bbox 183 1125 210 1171; x_wconf 90' lang='lat' dir='ltr'>ni</span> <span class='ocrx_word' id='word_1_76' title='bbox 219 1125 316 1173; x_wconf 86' lang='lat' dir='ltr'>frenum</span> <span class='ocrx_word' id='word_1_77' title='bbox 326 1126 433 1182; x_wconf 88' lang='lat' dir='ltr'>accipere</span> <span class='ocrx_word' id='word_1_78' title='bbox 443 1127 468 1173; x_wconf 90' lang='lat' dir='ltr'>et</span> <span class='ocrx_word' id='word_1_79' title='bbox 477 1125 536 1172; x_wconf 89' lang='lat' dir='ltr'>victi</span> <span class='ocrx_word' id='word_1_80' title='bbox 545 1140 631 1180; x_wconf 87' lang='lat' dir='ltr'>parere</span> <span class='ocrx_word' id='word_1_81' title='bbox 641 1125 766 1182; x_wconf 83' lang='lat' dir='ltr'>fatentur,</span> 
     </span>
     <span class='ocr_line' id='line_1_13' title="bbox 184 1192 808 1250; baseline -0.003 -10"><span class='ocrx_word' id='word_1_82' title='bbox 184 1209 269 1240; x_wconf 81' lang='lat' dir='ltr'>eruum</span> <span class='ocrx_word' id='word_1_83' title='bbox 279 1196 305 1242; x_wconf 89' lang='lat' dir='ltr'>et</span> <span class='ocrx_word' id='word_1_84' title='bbox 314 1209 391 1250; x_wconf 83' lang='lat' dir='ltr'>aequa</span> <span class='ocrx_word' id='word_1_85' title='bbox 399 1194 450 1241; x_wconf 88' lang='lat' dir='ltr'>solo</span> <span class='ocrx_word' id='word_1_86' title='bbox 458 1193 580 1240; x_wconf 83' lang='lat' dir='ltr'>fumantia</span> <span class='ocrx_word' id='word_1_87' title='bbox 589 1192 696 1239; x_wconf 85' lang='lat' dir='ltr'>culmina</span> <span class='ocrx_word' id='word_1_88' title='bbox 705 1208 808 1248; x_wconf 86' lang='lat' dir='ltr'>ponam.</span> 
     </span>
    </p>

    <p class='ocr_par' dir='ltr' id='par_1_4' title="bbox 138 1260 838 1930">
     <span class='ocr_line' id='line_1_14' title="bbox 138 1260 789 1319; baseline -0.002 -8"><span class='ocrx_word' id='word_1_89' title='bbox 138 1275 175 1312; x_wconf 83' lang='lat'>570</span> <span class='ocrx_word' id='word_1_90' title='bbox 186 1262 282 1309; x_wconf 85' lang='lat' dir='ltr'>Scilicet</span> <span class='ocrx_word' id='word_1_91' title='bbox 291 1264 435 1319; x_wconf 83' lang='lat' dir='ltr'>exspectem,</span> <span class='ocrx_word' id='word_1_92' title='bbox 445 1261 520 1308; x_wconf 78' lang='lat' dir='ltr'>libeat</span> <span class='ocrx_word' id='word_1_93' title='bbox 531 1262 588 1308; x_wconf 93' lang='lat' dir='ltr'>dum</span> <span class='ocrx_word' id='word_1_94' title='bbox 598 1260 690 1316; x_wconf 87' lang='lat' dir='ltr'>proelia</span> <span class='ocrx_word' id='word_1_95' title='bbox 699 1262 789 1310; x_wconf 85' lang='lat' dir='ltr'>Turno</span> 
     </span>
     <span class='ocr_line' id='line_1_15' title="bbox 184 1330 803 1386; baseline 0.005 -10"><span class='ocrx_word' id='word_1_96' title='bbox 184 1333 269 1377; x_wconf 82' lang='lat' dir='ltr'>nostra</span> <span class='ocrx_word' id='word_1_97' title='bbox 278 1330 330 1386; x_wconf 83' lang='lat' dir='ltr'>pati</span> <span class='ocrx_word' id='word_1_98' title='bbox 339 1345 471 1386; x_wconf 83' lang='lat' dir='ltr'>rursusque</span> <span class='ocrx_word' id='word_1_99' title='bbox 480 1330 539 1377; x_wconf 83' lang='lat' dir='ltr'>velit</span> <span class='ocrx_word' id='word_1_100' title='bbox 549 1345 692 1377; x_wconf 87' lang='lat' dir='ltr'>concurrere</span> <span class='ocrx_word' id='word_1_101' title='bbox 702 1330 803 1379; x_wconf 81' lang='lat' dir='ltr'>victus?</span> 
     </span>
     <span class='ocr_line' id='line_1_16' title="bbox 184 1398 808 1456; baseline 0.006 -12"><span class='ocrx_word' id='word_1_102' title='bbox 184 1399 240 1446; x_wconf 92' lang='lat' dir='ltr'>Hoc</span> <span class='ocrx_word' id='word_1_103' title='bbox 249 1400 332 1456; x_wconf 76' lang='lat' dir='ltr'>capnt,</span> <span class='ocrx_word' id='word_1_104' title='bbox 342 1413 357 1445; x_wconf 94' lang='lat' dir='ltr'>o</span> <span class='ocrx_word' id='word_1_105' title='bbox 366 1399 438 1454; x_wconf 84' lang='lat' dir='ltr'>cives,</span> <span class='ocrx_word' id='word_1_106' title='bbox 448 1399 508 1446; x_wconf 87' lang='lat' dir='ltr'>haec</span> <span class='ocrx_word' id='word_1_107' title='bbox 517 1398 574 1444; x_wconf 90' lang='lat' dir='ltr'>belli</span> <span class='ocrx_word' id='word_1_108' title='bbox 583 1413 679 1444; x_wconf 82' lang='lat' dir='ltr'>summa</span> <span class='ocrx_word' id='word_1_109' title='bbox 687 1399 793 1446; x_wconf 79' lang='lat' dir='ltr'>nefandi</span> <span class='ocrx_word' id='word_1_110' title='bbox 802 1421 808 1448; x_wconf 84' lang='lat'><em>=</em></span> 
     </span>
     <span class='ocr_line' id='line_1_17' title="bbox 184 1466 837 1523; baseline 0.003 -10"><span class='ocrx_word' id='word_1_111' title='bbox 184 1466 247 1514; x_wconf 83' lang='lat' dir='ltr'>ferte</span> <span class='ocrx_word' id='word_1_112' title='bbox 257 1467 323 1514; x_wconf 80' lang='lat' dir='ltr'>laces</span> <span class='ocrx_word' id='word_1_113' title='bbox 333 1481 434 1523; x_wconf 85' lang='lat' dir='ltr'>propere</span> <span class='ocrx_word' id='word_1_114' title='bbox 443 1467 574 1522; x_wconf 76' lang='lat' dir='ltr'>foedusque</span> <span class='ocrx_word' id='word_1_115' title='bbox 583 1466 701 1522; x_wconf 88' lang='lat' dir='ltr'>reposcite</span> <span class='ocrx_word' id='word_1_116' title='bbox 711 1467 837 1516; x_wconf 66' lang='lat' dir='ltr'>flammis?</span> 
     </span>
     <span class='ocr_line' id='line_1_18' title="bbox 184 1533 833 1590; baseline 0.003 -8"><span class='ocrx_word' id='word_1_117' title='bbox 184 1535 296 1590; x_wconf 79' lang='lat' dir='ltr'>Dixerat,</span> <span class='ocrx_word' id='word_1_118' title='bbox 306 1536 379 1589; x_wconf 82' lang='lat' dir='ltr'>atque</span> <span class='ocrx_word' id='word_1_119' title='bbox 388 1535 474 1581; x_wconf 85' lang='lat' dir='ltr'>animis</span> <span class='ocrx_word' id='word_1_120' title='bbox 484 1535 576 1590; x_wconf 87' lang='lat' dir='ltr'>pariter</span> <span class='ocrx_word' id='word_1_121' title='bbox 585 1533 737 1581; x_wconf 85' lang='lat' dir='ltr'>certantibus</span> <span class='ocrx_word' id='word_1_122' title='bbox 747 1549 833 1584; x_wconf 86' lang='lat' dir='ltr'>omnes</span> 
     </span>
     <span class='ocr_line' id='line_1_19' title="bbox 185 1601 838 1660; baseline 0.006 -12"><span class='ocrx_word' id='word_1_123' title='bbox 185 1603 246 1649; x_wconf 88' lang='lat' dir='ltr'>dant</span> <span class='ocrx_word' id='word_1_124' title='bbox 255 1617 366 1660; x_wconf 91' lang='lat' dir='ltr'>cuneum,</span> <span class='ocrx_word' id='word_1_125' title='bbox 375 1603 495 1658; x_wconf 83' lang='lat' dir='ltr'>densaque</span> <span class='ocrx_word' id='word_1_126' title='bbox 504 1603 536 1649; x_wconf 88' lang='lat' dir='ltr'>ad</span> <span class='ocrx_word' id='word_1_127' title='bbox 546 1617 627 1648; x_wconf 87' lang='lat' dir='ltr'>muros</span> <span class='ocrx_word' id='word_1_128' title='bbox 636 1601 699 1648; x_wconf 91' lang='lat' dir='ltr'>mole</span> <span class='ocrx_word' id='word_1_129' title='bbox 709 1602 838 1652; x_wconf 87' lang='lat' dir='ltr'>feruntur.</span> 
     </span>
     <span class='ocr_line' id='line_1_20' title="bbox 185 1669 765 1726; baseline -0.002 -8"><span class='ocrx_word' id='word_1_130' title='bbox 185 1669 269 1718; x_wconf 80' lang='lat' dir='ltr'>Scalae</span> <span class='ocrx_word' id='word_1_131' title='bbox 279 1670 408 1725; x_wconf 77' lang='lat' dir='ltr'>improviso</span> <span class='ocrx_word' id='word_1_132' title='bbox 417 1671 559 1726; x_wconf 89' lang='lat' dir='ltr'>subitusque</span> <span class='ocrx_word' id='word_1_133' title='bbox 569 1670 682 1725; x_wconf 79' lang='lat' dir='ltr'>apparuit</span> <span class='ocrx_word' id='word_1_134' title='bbox 691 1669 765 1726; x_wconf 85' lang='lat' dir='ltr'>ignis.</span> 
     </span>
     <span class='ocr_line' id='line_1_21' title="bbox 185 1737 816 1796; baseline 0.003 -11"><span class='ocrx_word' id='word_1_135' title='bbox 185 1739 336 1785; x_wconf 87' lang='lat' dir='ltr'>Discurrunt</span> <span class='ocrx_word' id='word_1_136' title='bbox 345 1737 387 1785; x_wconf 90' lang='grc'>1111</span> <span class='ocrx_word' id='word_1_137' title='bbox 396 1739 428 1785; x_wconf 82' lang='grc'>11</span> <span class='ocrx_word' id='word_1_138' title='bbox 437 1741 521 1794; x_wconf 83' lang='lat' dir='ltr'>portas</span> <span class='ocrx_word' id='word_1_139' title='bbox 531 1739 666 1795; x_wconf 84' lang='lat' dir='ltr'>primosque</span> <span class='ocrx_word' id='word_1_140' title='bbox 676 1739 816 1796; x_wconf 89' lang='lat' dir='ltr'>trucidant,</span> 
     </span>
     <span class='ocr_line' id='line_1_22' title="bbox 185 1806 834 1862; baseline 0.003 -9"><span class='ocrx_word' id='word_1_141' title='bbox 185 1807 280 1853; x_wconf 81' lang='lat' dir='ltr'>ferrum</span> <span class='ocrx_word' id='word_1_142' title='bbox 290 1807 331 1853; x_wconf 86' lang='lat' dir='ltr'>ulii</span> <span class='ocrx_word' id='word_1_143' title='bbox 340 1808 456 1862; x_wconf 89' lang='lat' dir='ltr'>torquent</span> <span class='ocrx_word' id='word_1_144' title='bbox 465 1808 490 1854; x_wconf 86' lang='lat' dir='ltr'>et</span> <span class='ocrx_word' id='word_1_145' title='bbox 500 1806 646 1853; x_wconf 85' lang='lat' dir='ltr'>obumbrant</span> <span class='ocrx_word' id='word_1_146' title='bbox 656 1806 758 1854; x_wconf 83' lang='lat' dir='ltr'>aethera</span> <span class='ocrx_word' id='word_1_147' title='bbox 767 1807 834 1855; x_wconf 88' lang='lat' dir='ltr'>telis.</span> 
     </span>
     <span class='ocr_line' id='line_1_23' title="bbox 185 1874 787 1930; baseline 0.003 -10"><span class='ocrx_word' id='word_1_148' title='bbox 185 1874 242 1930; x_wconf 88' lang='lat' dir='ltr'>Ipse</span> <span class='ocrx_word' id='word_1_149' title='bbox 250 1875 316 1921; x_wconf 90' lang='lat' dir='ltr'>inter</span> <span class='ocrx_word' id='word_1_150' title='bbox 326 1875 415 1929; x_wconf 89' lang='lat' dir='ltr'>primos</span> <span class='ocrx_word' id='word_1_151' title='bbox 425 1875 536 1921; x_wconf 85' lang='lat' dir='ltr'>dextram</span> <span class='ocrx_word' id='word_1_152' title='bbox 546 1874 591 1921; x_wconf 89' lang='lat' dir='ltr'>snb</span> <span class='ocrx_word' id='word_1_153' title='bbox 600 1874 694 1920; x_wconf 84' lang='lat' dir='ltr'>moenia</span> <span class='ocrx_word' id='word_1_154' title='bbox 704 1875 787 1922; x_wconf 86' lang='lat' dir='ltr'>tendit</span> 
     </span>
    </p>

    <p class='ocr_par' dir='ltr' id='par_1_5' title="bbox 139 1942 838 2612">
     <span class='ocr_line' id='line_1_24' title="bbox 139 1942 743 1999; baseline 0 -12"><span class='ocrx_word' id='word_1_155' title='bbox 139 1949 175 1998; x_wconf 82' lang='lat'>580</span> <span class='ocrx_word' id='word_1_156' title='bbox 185 1943 288 1997; x_wconf 73' lang='lat' dir='ltr'>Aeneas,</span> <span class='ocrx_word' id='word_1_157' title='bbox 300 1957 435 1997; x_wconf 82' lang='lat' dir='ltr'>magnaque</span> <span class='ocrx_word' id='word_1_158' title='bbox 443 1943 540 1989; x_wconf 85' lang='lat' dir='ltr'>incusat</span> <span class='ocrx_word' id='word_1_159' title='bbox 549 1957 607 1990; x_wconf 83' lang='lat' dir='ltr'>voce</span> <span class='ocrx_word' id='word_1_160' title='bbox 616 1942 743 1999; x_wconf 86' lang='lat' dir='ltr'>Latinum,</span> 
     </span>
     <span class='ocr_line' id='line_1_25' title="bbox 185 2009 762 2066; baseline 0.002 -10"><span class='ocrx_word' id='word_1_161' title='bbox 185 2011 339 2063; x_wconf 80' lang='lat' dir='ltr'>testaturque</span> <span class='ocrx_word' id='word_1_162' title='bbox 349 2009 413 2066; x_wconf 91' lang='lat' dir='ltr'>deos,</span> <span class='ocrx_word' id='word_1_163' title='bbox 423 2009 512 2056; x_wconf 88' lang='lat' dir='ltr'>iterum</span> <span class='ocrx_word' id='word_1_164' title='bbox 522 2025 548 2057; x_wconf 90' lang='lat' dir='ltr'>se</span> <span class='ocrx_word' id='word_1_165' title='bbox 558 2010 589 2057; x_wconf 79' lang='lat' dir='ltr'>ed</span> <span class='ocrx_word' id='word_1_166' title='bbox 598 2009 688 2065; x_wconf 87' lang='lat' dir='ltr'>proelia</span> <span class='ocrx_word' id='word_1_167' title='bbox 698 2010 762 2066; x_wconf 89' lang='lat' dir='ltr'>cogi,</span> 
     </span>
     <span class='ocr_line' id='line_1_26' title="bbox 185 2076 836 2136; baseline 0.003 -11"><span class='ocrx_word' id='word_1_168' title='bbox 185 2079 222 2125; x_wconf 84' lang='lat' dir='ltr'>bis</span> <span class='ocrx_word' id='word_1_169' title='bbox 231 2078 280 2125; x_wconf 85' lang='lat' dir='ltr'>iam</span> <span class='ocrx_word' id='word_1_170' title='bbox 291 2076 366 2124; x_wconf 85' lang='lat' dir='ltr'>Italos</span> <span class='ocrx_word' id='word_1_171' title='bbox 376 2077 466 2134; x_wconf 88' lang='lat' dir='ltr'>hostes,</span> <span class='ocrx_word' id='word_1_172' title='bbox 477 2078 536 2125; x_wconf 83' lang='lat' dir='ltr'>haec</span> <span class='ocrx_word' id='word_1_173' title='bbox 546 2079 624 2125; x_wconf 83' lang='lat' dir='ltr'>altere</span> <span class='ocrx_word' id='word_1_174' title='bbox 632 2079 733 2125; x_wconf 79' lang='lat' dir='ltr'>foedera</span> <span class='ocrx_word' id='word_1_175' title='bbox 742 2081 836 2136; x_wconf 85' lang='lat' dir='ltr'>rumpi.</span> 
     </span>
     <span class='ocr_line' id='line_1_27' title="bbox 185 2145 707 2200; baseline -0.004 -6"><span class='ocrx_word' id='word_1_176' title='bbox 185 2146 303 2194; x_wconf 80' lang='lat' dir='ltr'>Exoritur</span> <span class='ocrx_word' id='word_1_177' title='bbox 311 2145 418 2200; x_wconf 89' lang='lat' dir='ltr'>trepidos</span> <span class='ocrx_word' id='word_1_178' title='bbox 427 2146 493 2192; x_wconf 85' lang='lat' dir='ltr'>inter</span> <span class='ocrx_word' id='word_1_179' title='bbox 500 2146 619 2194; x_wconf 84' lang='lat' dir='ltr'>discordia</span> <span class='ocrx_word' id='word_1_180' title='bbox 629 2146 691 2193; x_wconf 82' lang='lat' dir='ltr'>cives</span> <span class='ocrx_word' id='word_1_181' title='bbox 702 2166 707 2192; x_wconf 90' lang='lat'>:</span> 
     </span>
     <span class='ocr_line' id='line_1_28' title="bbox 186 2214 776 2270; baseline 0 -8"><span class='ocrx_word' id='word_1_182' title='bbox 186 2216 269 2262; x_wconf 90' lang='lat' dir='ltr'>urbem</span> <span class='ocrx_word' id='word_1_183' title='bbox 280 2214 321 2261; x_wconf 86' lang='grc'>1111</span> <span class='ocrx_word' id='word_1_184' title='bbox 329 2230 436 2262; x_wconf 81' lang='lat' dir='ltr'>reserere</span> <span class='ocrx_word' id='word_1_185' title='bbox 445 2215 529 2261; x_wconf 89' lang='lat' dir='ltr'>iubent</span> <span class='ocrx_word' id='word_1_186' title='bbox 539 2217 565 2262; x_wconf 91' lang='lat' dir='ltr'>et</span> <span class='ocrx_word' id='word_1_187' title='bbox 574 2215 679 2270; x_wconf 83' lang='lat' dir='ltr'>pendere</span> <span class='ocrx_word' id='word_1_188' title='bbox 688 2217 776 2270; x_wconf 80' lang='lat' dir='ltr'>portas</span> 
     </span>
     <span class='ocr_line' id='line_1_29' title="bbox 187 2283 838 2342; baseline 0.003 -12"><span class='ocrx_word' id='word_1_189' title='bbox 187 2283 343 2340; x_wconf 84' lang='lat' dir='ltr'>Dardanidis,</span> <span class='ocrx_word' id='word_1_190' title='bbox 353 2283 479 2339; x_wconf 90' lang='lat' dir='ltr'>ipsumque</span> <span class='ocrx_word' id='word_1_191' title='bbox 488 2283 592 2329; x_wconf 83' lang='lat' dir='ltr'>trahunt</span> <span class='ocrx_word' id='word_1_192' title='bbox 601 2283 626 2328; x_wconf 92' lang='lat' dir='ltr'>in</span> <span class='ocrx_word' id='word_1_193' title='bbox 636 2283 732 2329; x_wconf 85' lang='lat' dir='ltr'>moenia</span> <span class='ocrx_word' id='word_1_194' title='bbox 741 2299 838 2342; x_wconf 86' lang='lat' dir='ltr'>regem,</span> 
     </span>
     <span class='ocr_line' id='line_1_30' title="bbox 186 2351 795 2409; baseline 0 -10"><span class='ocrx_word' id='word_1_195' title='bbox 186 2369 255 2400; x_wconf 83' lang='lat' dir='ltr'>arma</span> <span class='ocrx_word' id='word_1_196' title='bbox 264 2353 349 2400; x_wconf 83' lang='lat' dir='ltr'>ferunt</span> <span class='ocrx_word' id='word_1_197' title='bbox 358 2353 400 2398; x_wconf 88' lang='lat' dir='ltr'>alii</span> <span class='ocrx_word' id='word_1_198' title='bbox 409 2354 434 2399; x_wconf 90' lang='lat' dir='ltr'>et</span> <span class='ocrx_word' id='word_1_199' title='bbox 444 2354 550 2409; x_wconf 84' lang='lat' dir='ltr'>pergunt</span> <span class='ocrx_word' id='word_1_200' title='bbox 560 2351 688 2398; x_wconf 77' lang='lat' dir='ltr'>defendere</span> <span class='ocrx_word' id='word_1_201' title='bbox 699 2366 795 2399; x_wconf 88' lang='lat' dir='ltr'>muros.</span> 
     </span>
     <span class='ocr_line' id='line_1_31' title="bbox 187 2419 767 2474; baseline -0.002 -7"><span class='ocrx_word' id='word_1_202' title='bbox 187 2421 295 2468; x_wconf 84' lang='lat' dir='ltr'>Inclusus</span> <span class='ocrx_word' id='word_1_203' title='bbox 305 2423 335 2468; x_wconf 90' lang='lat' dir='ltr'>nt</span> <span class='ocrx_word' id='word_1_204' title='bbox 345 2437 399 2468; x_wconf 90' lang='lat' dir='ltr'>cum</span> <span class='ocrx_word' id='word_1_205' title='bbox 409 2419 529 2467; x_wconf 80' lang='lat' dir='ltr'>latebroso</span> <span class='ocrx_word' id='word_1_206' title='bbox 539 2419 564 2465; x_wconf 91' lang='lat' dir='ltr'>in</span> <span class='ocrx_word' id='word_1_207' title='bbox 574 2419 669 2474; x_wconf 89' lang='lat' dir='ltr'>pumice</span> <span class='ocrx_word' id='word_1_208' title='bbox 678 2421 767 2474; x_wconf 82' lang='lat' dir='ltr'>pastor</span> 
     </span>
     <span class='ocr_line' id='line_1_32' title="bbox 186 2487 734 2545; baseline 0 -10"><span class='ocrx_word' id='word_1_209' title='bbox 186 2489 316 2545; x_wconf 79' lang='lat' dir='ltr'>vestigavit</span> <span class='ocrx_word' id='word_1_210' title='bbox 326 2504 383 2544; x_wconf 86' lang='lat' dir='ltr'>apes</span> <span class='ocrx_word' id='word_1_211' title='bbox 393 2488 507 2544; x_wconf 86' lang='lat' dir='ltr'>fumoque</span> <span class='ocrx_word' id='word_1_212' title='bbox 516 2487 625 2543; x_wconf 88' lang='lat' dir='ltr'>implevit</span> <span class='ocrx_word' id='word_1_213' title='bbox 635 2502 734 2535; x_wconf 80' lang='lat' dir='ltr'>amaro:</span> 
     </span>
     <span class='ocr_line' id='line_1_33' title="bbox 186 2556 752 2612; baseline 0.004 -11"><span class='ocrx_word' id='word_1_214' title='bbox 186 2556 242 2602; x_wconf 82' lang='lat' dir='ltr'>illue</span> <span class='ocrx_word' id='word_1_215' title='bbox 251 2558 318 2603; x_wconf 91' lang='lat' dir='ltr'>intus</span> <span class='ocrx_word' id='word_1_216' title='bbox 328 2557 435 2612; x_wconf 83' lang='lat' dir='ltr'>trepidae</span> <span class='ocrx_word' id='word_1_217' title='bbox 445 2572 526 2603; x_wconf 90' lang='lat' dir='ltr'>rerum</span> <span class='ocrx_word' id='word_1_218' title='bbox 537 2571 581 2611; x_wconf 90' lang='lat' dir='ltr'>per</span> <span class='ocrx_word' id='word_1_219' title='bbox 590 2571 659 2603; x_wconf 82' lang='lat' dir='ltr'>ceren</span> <span class='ocrx_word' id='word_1_220' title='bbox 669 2559 752 2603; x_wconf 85' lang='lat' dir='ltr'>costra</span> 
     </span>
    </p>
   </div>
   <div class='ocr_carea' id='block_1_4' title="bbox 139 2624 822 2740">
    <p class='ocr_par' dir='ltr' id='par_1_6' title="bbox 139 2624 822 2740">
     <span class='ocr_line' id='line_1_34' title="bbox 139 2624 822 2740; baseline 0.004 -71"><span class='ocrx_word' id='word_1_221' title='bbox 139 2644 176 2680; x_wconf 84' lang='lat'>590</span> <span class='ocrx_word' id='word_1_222' title='bbox 187 2624 334 2740; x_wconf 53' lang='lat' dir='ltr'>discimit&#39;</span> <span class='ocrx_word' id='word_1_223' title='bbox 345 2625 485 2682; x_wconf 78' lang='lat' dir='ltr'>magnisque</span> <span class='ocrx_word' id='word_1_224' title='bbox 495 2626 587 2672; x_wconf 84' lang='lat' dir='ltr'>acuunt</span> <span class='ocrx_word' id='word_1_225' title='bbox 597 2624 742 2671; x_wconf 80' lang='lat' dir='ltr'>stridoribus</span> <span class='ocrx_word' id='word_1_226' title='bbox 753 2625 822 2682; x_wconf 84' lang='lat' dir='ltr'>iras;</span> 
     </span>
     <span class='ocr_line' id='line_1_35' title="bbox 253 2706 288 2740; baseline 0.029 -10"><span class='ocrx_word' id='word_1_227' title='bbox 253 2706 288 2740; x_wconf 81' lang='lat'>4²2</span> 
     </span>
    </p>
   </div>
   <div class='ocr_carea' id='block_1_5' title="bbox 0 0 1000 3164">
    <p class='ocr_par' dir='ltr' id='par_1_7' title="bbox 0 0 1000 3164">
     <span class='ocr_line' id='line_1_36' title="bbox 0 0 1000 3164; baseline 0 0"><span class='ocrx_word' id='word_1_228' title='bbox 0 0 1000 3164; x_wconf 95' lang='lat' dir='ltr'> </span> 
     </span>
    </p>
   </div>
  </div>
 </body>
</html>
