1972 3164
333 191 356 230 P.
368 189 487 229 VERGILI
501 188 629 228 MARONIS

142 301 216 334 aurea
226 285 336 334 sollemni
345 287 467 342 comptum
477 301 547 342 quem
558 285 633 332 fibula
643 285 697 332 ritu

144 356 256 411 Cecropis
265 357 291 402 et
300 356 372 402 tereti
382 355 511 401 nectebant
520 355 592 400 dente
602 354 709 401 cicadae.

172 424 224 471 Neo
234 439 292 471 vero
301 424 360 471 haec
370 423 437 469 urbis
447 423 557 470 custodia
566 439 630 468 vana
640 422 741 479 fuisset,

97 508 133 544 130
144 508 188 539 nec
198 493 287 548 luerat,
298 492 324 537 ni
334 491 414 547 Scylla
423 507 484 537 novo
495 493 605 545 correpta
615 491 708 547 lurore,

145 560 234 616 Scylla,
241 561 318 615 patris
323 559 403 606 miseri
410 559 828 617 patriaequeinventssepulohrum,

144 644 158 674 o
168 628 268 674 nimium
278 629 370 683 cupidis
381 628 464 674 Minoa
473 627 590 673 inhiasset
599 627 689 676 ocellis.

144 697 186 743 sed
196 696 273 742 malus
283 696 323 741 ille
333 711 402 752 puer,
413 710 482 751 quem
492 710 536 742 noc
547 710 591 740 sua
601 695 699 742 flectere
709 699 795 744 mater

144 764 235 809 iratum
245 763 332 818 potuit,
343 779 413 817 quem
424 779 469 810 nec
479 765 549 818 pater
559 765 632 818 atque
644 779 706 809 arus
717 764 786 811 idem

145 831 256 885 Iuppiter
266 830 315 886 (ille
325 831 399 876 etiam
410 831 504 877 Poenos
514 831 631 877 domitare
642 831 725 878 leones

144 901 169 946 et
179 898 271 945 validas
281 899 363 944 docuit
372 899 436 945 viros
447 914 612 946 mansuescere
621 899 703 955 tigris,

144 965 184 1013 ille
194 966 268 1013 etiam
277 966 352 1022 divos,
363 966 542 1014 homines-sed
550 967 628 1014 dicere
638 982 761 1024 magnum
771 969 830 1026 est),

144 1035 209 1083 idem
218 1037 272 1081 tum
282 1035 364 1082 tristes
374 1035 476 1082 acuebat
486 1035 603 1092 parvulus
612 1035 662 1082 iras

146 1104 245 1150 Iunonis
254 1119 364 1160 magnae,
375 1103 443 1150 cuius
453 1103 568 1159 (periuria
577 1103 647 1150 divae

99 1189 135 1226 140
146 1172 211 1228 olim,
222 1173 264 1219 sed
273 1173 402 1219 meminere
412 1171 462 1226 diu)
473 1172 570 1226 periura
580 1171 662 1227 puella

145 1255 194 1287 non
204 1240 248 1286 ulli
257 1239 348 1286 licitam
358 1239 491 1287 violaverat
500 1239 575 1286 inscia
585 1239 674 1296 sedem,

146 1308 203 1354 dum
214 1309 287 1355 sacris
297 1310 397 1363 operata
406 1308 464 1354 deae
474 1307 570 1354 lascivit
579 1309 604 1354 et
614 1309 685 1354 extra

145 1376 253 1432 procedit
262 1376 332 1432 longe
342 1377 449 1422 matrum
459 1376 621 1431 comitumque
631 1377 769 1432 catervam,

145 1459 285 1500 suspensam
296 1445 403 1502 gaudens
413 1443 438 1490 in
448 1459 546 1500 corpore
556 1444 638 1490 luders
649 1445 744 1491 vestem

145 1514 170 1559 et
180 1513 285 1559 tumidos
295 1513 403 1569 agitante
413 1511 479 1559 sinus
489 1511 599 1568 aquilone
609 1512 733 1558 relaxans.

145 1581 248 1628 necdum
258 1579 330 1627 etiam
342 1581 420 1627 custos
429 1581 571 1636 gustaverat
580 1579 643 1636 ignis
652 1579 767 1636 honores,

145 1649 247 1695 necdum
258 1648 366 1695 sollemni
375 1648 475 1704 lympha
484 1648 582 1716 perfusa
593 1646 703 1694 sacerdos

145 1716 258 1771 pallentis
268 1715 331 1762 foliis
341 1718 415 1770 caput
425 1717 555 1763 exornarat
565 1715 655 1762 olivae:

146 1800 201 1831 cum
211 1784 301 1838 lapsae
312 1785 422 1830 manibus
432 1783 560 1840 iugitpila,
567 1798 660 1838 quoque
670 1783 770 1838 relapsa
780 1785 828 1839 est,

99 1873 135 1911 150
146 1851 267 1908 procurrit
276 1851 351 1906 virge.
381 1852 444 1905 quod
454 1853 491 1898 uti
501 1868 531 1899 ne
541 1852 637 1908 prodita
646 1851 705 1898 ludo

146 1922 258 1968 auratam
267 1919 352 1975 gracili
362 1919 471 1967 solvisses
482 1936 579 1976 corpore
590 1919 680 1975 pallam
690 1922 695 1966 !

146 1989 234 2046 omniu,
244 2004 305 2044 quae
315 1988 419 2035 retinere
429 1990 531 2044 gradum
542 2003 673 2042 cursusque
684 1988 777 2034 morari

147 2060 252 2116 possent,
263 2075 278 2106 o
287 2061 367 2106 tecum
377 2057 463 2104 vellem
473 2059 517 2104 tua
526 2072 620 2112 semper
629 2056 732 2102 haberes
743 2059 747 2102 !

146 2144 194 2174 non
205 2144 319 2183 umquam
329 2126 420 2173 violata
429 2141 504 2172 manu
514 2125 620 2172 sacraria
629 2124 700 2170 divae

145 2197 256 2252 iurando,
266 2195 359 2251 infelix,
370 2194 513 2249 nequiquam
523 2195 575 2240 iure
586 2194 685 2248 piussss.

146 2266 171 2310 et
182 2265 264 2319 siquis
274 2263 383 2310 nocuisse
393 2262 438 2308 tibi
448 2262 555 2316 periuria
564 2261 656 2315 credat,

146 2347 219 2379 cansa
228 2333 268 2386 pia
277 2333 314 2378 est
323 2352 328 2378 ι
344 2330 426 2377 timuit
435 2329 509 2376 fratri
518 2330 542 2375 te
552 2329 678 2375 ostendere
688 2327 761 2372 Iuno.

146 2401 172 2445 at
182 2400 240 2446 levis
250 2400 290 2447 illo
301 2401 368 2455 deus,
379 2397 417 2445 oui
428 2413 522 2452 semper
531 2397 562 2443 ud
571 2396 738 2442 ulciscendum

146 2467 271 2520 quaeritur
280 2483 310 2514 ex
319 2467 385 2513 omni
394 2465 521 2512 verborum
531 2465 619 2511 iniuria
630 2464 704 2519 dioto,

195 2534 265 2582 (462)
