1972 3164
406 160 428 197 P.
442 160 561 199 VERGILI
574 160 702 201 MARONlS

217 253 314 312 frigida,
331 253 437 311 Daphni,
454 253 526 301 boves
542 254 574 300 ad
589 253 689 301 flumina
698 274 704 311 ;
726 253 795 301 nulla
812 271 888 313 neque

273 339 368 371 amnem

216 391 302 440 libavit
311 392 455 450 quadrupes,
467 407 512 439 nee
521 392 638 449 graminis
648 390 733 450 attigit
742 391 850 440 herbam.

217 460 325 517 Daphni,
335 462 407 508 tuum
416 461 509 508 Poenos
519 461 593 507 etiam
603 460 746 517 ingemuisse
755 459 835 508 leones

216 528 344 576 interitum
354 530 495 584 montesque
504 527 551 575 feri
560 529 680 584 silvaeque
689 528 829 584 loquuntur.

219 597 331 653 Daphnis
340 599 365 645 ot
375 597 504 644 Armenias
515 612 589 643 ourru
598 597 742 653 subiungere
752 597 828 652 tigres

182 675 207 712 30
216 664 333 722 instituit,
345 664 456 720 Daphnis
465 663 556 710 thiasos
565 663 678 711 inducere
687 663 780 711 Baeehi

217 734 243 780 et
252 732 316 780 foliis
325 733 403 780 lentas
412 732 519 780 intexere
529 732 641 779 mollibus
650 732 742 778 hastas.

217 800 281 848 Vrbis
291 802 320 848 ut
330 800 455 847 arboribus
465 799 544 847 decori
553 801 598 856 est,
609 801 638 846 ut
647 799 737 846 vitibus
747 814 817 856 uvae,

217 869 246 916 ut
256 868 370 928 gregibus
379 868 453 925 tauri,
464 870 556 924 segetes
565 869 595 914 ut
604 868 734 926 pinguibus
744 869 817 924 arvis,

217 937 247 984 tu
256 938 328 984 daona
338 952 408 984 omne
416 936 474 983 tuis.
504 937 637 993 Postqmam
646 938 672 983 te
680 937 735 984 lata
744 937 865 994 tulerunt,

216 1003 270 1060 ipsa
279 1004 351 1051 Pales
361 1019 432 1060 agros
442 1006 515 1059 atque
524 1003 575 1059 ipse
585 1004 682 1059 reliquit
690 1004 786 1060 Apollo.

218 1072 327 1121 Grandia
336 1088 406 1128 saepe
416 1072 502 1128 quibus
512 1072 679 1119 mandavimus
689 1072 780 1120 hordea
789 1071 869 1128 saleis,

216 1139 301 1187 infelix
310 1140 394 1187 lolium
403 1141 429 1187 et
439 1140 533 1187 steriles
543 1142 678 1187 naseuntur
686 1155 776 1188 avenae
784 1160 791 1195 ;

217 1223 262 1264 pro
271 1208 338 1255 molli
347 1208 419 1265 viola,
428 1222 472 1263 pro
481 1223 602 1263 purpureo
611 1208 718 1256 narcisso

219 1277 322 1324 earduus
332 1279 358 1324 et
368 1277 442 1333 spinis
453 1276 531 1333 surgit
541 1277 650 1333 paliurus
660 1277 746 1324 acutis.

181 1360 206 1396 40
219 1345 332 1403 Spargite
341 1345 442 1392 humum
452 1344 524 1402 foliis,
535 1345 642 1392 inducite
651 1343 759 1391 fontibus
768 1343 876 1400 umbras,

218 1415 337 1470 pastores,
347 1414 448 1461 mandat
458 1413 511 1460 fieri
520 1413 565 1460 sibi
574 1413 634 1460 talia
644 1413 764 1470 Daphnis,

216 1482 242 1528 et
249 1480 371 1529 tumulum
379 1481 462 1538 facite,
471 1483 496 1529 et
504 1481 599 1528 tumulo
608 1496 681 1537 super
688 1482 770 1529 addita
778 1496 876 1528 carmen
885 1503 890 1529 :

218 1548 344 1604 ‘Daphnis
356 1564 400 1605 ego
408 1549 434 1596 in
444 1549 519 1606 silvis,
529 1549 586 1597 hino
595 1564 670 1605 usque
679 1549 711 1596 ad
720 1549 800 1596 sidera
809 1551 889 1605 notus,

215 1616 316 1668 formosi
325 1617 416 1672 peeoris
427 1619 516 1674 eustos,
526 1616 654 1665 formosior
663 1617 730 1672 ipse!

246 1685 301 1733 Mu.
330 1686 389 1733 Tale
396 1688 467 1733 tuum
478 1701 575 1733 carmen
585 1685 660 1742 nobis,
671 1685 751 1732 divine
761 1686 842 1741 poeta,

215 1752 285 1809 quale
295 1768 367 1808 sopor
376 1753 445 1800 fessis
455 1753 481 1798 in
490 1753 608 1809 gramine,
619 1751 688 1808 quale
698 1768 741 1808 per
750 1754 845 1799 aestum

215 1821 292 1869 duleis
302 1836 378 1876 aquae
388 1821 490 1868 saliente
500 1820 565 1867 sitim
574 1820 727 1876 restinguere
736 1820 797 1867 rivo.

214 1891 267 1938 Nee
287 1889 386 1938 calamis
404 1889 481 1937 solum
501 1889 649 1946 aequiparas,
668 1889 710 1936 sed
727 1904 784 1937 voee
804 1888 892 1946 magis-

271 1959 347 2010 trum.

216 2025 352 2073 Fortunate
361 2041 431 2082 puer,
441 2027 471 2071 tu
480 2039 545 2071 nuno
555 2023 602 2071 eris
612 2023 676 2071 alter
685 2024 717 2071 ab
726 2024 776 2071 illo.

180 2093 267 2142 50Nos
289 2096 372 2141 tamen
394 2093 454 2141 haee
477 2107 625 2149 quocumque
648 2093 718 2139 modo
741 2092 787 2139 tibi
810 2092 892 2139 nostru

272 2177 377 2210 vicissim

217 2229 331 2287 disemus,
343 2229 513 2285 Daphnimque
522 2229 594 2276 tuum
603 2228 717 2275 tollemus
727 2227 759 2275 ad
768 2229 850 2284 astra3

218 2298 335 2354 Daphnin
354 2298 386 2344 ad
403 2298 471 2344 astra
489 2296 609 2344 feremus:
629 2296 722 2343 amavit
740 2311 784 2343 uos
801 2310 893 2351 quoque

274 2366 393 2422 Daphnis.

244 2434 300 2481 Mo.
329 2433 369 2479 An
379 2433 506 2489 quiequam
515 2432 584 2480 nobis
590 2431 636 2479 tali
645 2431 677 2479 sit
689 2447 789 2479 munere
799 2430 891 2478 maius?

265 2502 274 2550 (
282 2515 305 2540 2²
314 2500 323 2550 )
