1972 3164
440 254 462 293 P.
475 253 595 295 vanem
607 255 735 296 MARONIS

249 349 359 407 nudavit,
370 364 513 406 eaeoumque
523 351 607 399 domus
618 349 695 400 soslus
704 365 775 399 omne
784 354 883 401 retexit.

250 420 314 467 Tum
323 420 428 467 eelerare
438 420 523 477 fugam
533 421 660 477 patriaque
669 420 783 468 exosdere
791 422 886 481 madet,
935 423 939 428 “

250 488 414 544 auxiliumque
422 488 476 536 uiae
485 488 573 536 veteris
583 488 672 536 tellure
681 489 785 536 recludit

251 557 384 614 thesauros,
394 557 505 613 ignotum
514 557 610 613 argenti
619 557 714 612 pondus
724 559 749 604 et
758 559 821 606 auri.

203 629 241 677 360
251 625 299 672 His
309 626 427 673 commota
436 625 521 682 fugam
531 625 596 672 Dido
605 628 728 682 sociosque
738 627 849 683 parabat.

252 693 413 750 Conveniunt,
424 693 509 749 quibus
520 695 564 740 aut
573 694 655 740 odium
665 694 761 741 crudele
771 695 871 751 tyranni

251 764 295 809 aut
304 764 383 810 metus
393 777 449 810 aoer
458 764 526 818 erat3
541 777 624 819 naves,
634 777 696 818 quae
705 762 771 810 forte
779 766 889 823 paratae,

251 830 384 886 corripiunt
393 831 542 886 onerantqqe
552 845 621 878 auro.
652 831 788 878 Por-tantur
797 833 868 880 avari

251 898 415 958 Pygmalionis
424 913 481 954 opes
491 898 591 956 pelago;
606 898 655 945 dux
664 898 757 946 femina
767 899 837 947 faeti.

251 967 376 1015 Devenere
385 966 457 1024 looos,
468 966 510 1013 ubi
519 982 585 1015 nuno
594 967 705 1024 ingentia
714 983 798 1016 earnes

251 1036 346 1083 moenia
354 1038 541 1092 surgentemque
550 1051 628 1084 novae
638 1035 796 1093 Carthaginis
807 1051 897 1094 aroem,
938 1079 941 1083 .

251 1104 398 1159 mereatique
408 1104 493 1162 solum,
504 1105 565 1152 faeti
575 1105 710 1152 denomino
720 1106 834 1162 Byrsam,

251 1173 348 1220 taurino
357 1174 475 1227 quantum
485 1175 583 1228 possent
593 1174 743 1221 circumdare
753 1175 832 1230 tergo.

253 1241 300 1289 Sed
309 1257 352 1288 vos
361 1241 402 1296 qui
410 1242 510 1288 tandem
520 1241 605 1296 quibus
615 1243 659 1288 aut
668 1241 768 1288 venistis
778 1240 810 1288 ab
819 1243 877 1298 oris,

205 1331 241 1367 370
252 1325 328 1365 quove
338 1308 426 1355 tenetis
435 1308 483 1355 iter
490 1309 513 1355 P'
544 1309 675 1366 Quaerenti
682 1309 773 1356 talibus
781 1309 824 1356 ille

253 1378 377 1433 suspirans
386 1377 480 1432 imoque
489 1377 589 1424 trahens
599 1393 614 1424 a
623 1379 720 1433 peotore
729 1392 812 1425 vooem
821 1397 827 1424 ε

282 1445 318 1493 ‘0
328 1446 381 1503 dea,
392 1445 412 1493 si
421 1446 500 1500 prima
509 1447 621 1501 repetens
631 1445 662 1492 ab
672 1445 764 1502 origine
774 1461 884 1503 pergam,

253 1517 278 1562 et
287 1516 357 1561 vaoet
367 1514 465 1561 annales
475 1515 614 1561 nostrorum
623 1513 708 1561 audire
717 1513 839 1571 laborum,

252 1585 310 1630 ante
320 1583 382 1630 diem
393 1582 474 1630 olauso
484 1583 612 1638 componat
622 1583 717 1638 Vesper
726 1582 839 1638 Olympo.

253 1652 305 1698 Nos
313 1651 386 1698 Troia
395 1651 504 1708 antiqua,
515 1652 536 1698 si
545 1653 639 1699 vestras
648 1651 712 1698 forte
721 1666 766 1706 per
774 1666 846 1698 aures

253 1719 340 1766 Troiae
349 1734 437 1766 nomen
445 1719 483 1776 iit,
494 1720 589 1768 diversa
597 1735 641 1776 por
649 1734 753 1775 aequora
762 1721 844 1767 vectos

253 1788 317 1835 torte
327 1802 371 1833 sna
380 1786 477 1843 Libyeis
486 1789 619 1844 tempestas
628 1787 724 1844 appulit
733 1787 790 1835 oris.

254 1857 313 1904 Sum
326 1855 380 1910 pius
389 1854 493 1912 Aeneas,
504 1858 588 1912 raptos
595 1857 637 1912 qni
646 1873 676 1904 ex
684 1857 754 1904 hoste
764 1857 871 1904 Penates
936 1882 939 1887 ·

254 1924 330 1972 elassa
339 1922 400 1970 veho
409 1938 512 1982 meeum,
522 1925 589 1972 lama
599 1940 672 1981 snper
681 1925 782 1972 aethera
791 1927 873 1972 notus.

207 2003 243 2051 380
249 1991 352 2039 ltaliam
362 2007 451 2046 quaero
460 1993 566 2048 patriam
576 1995 602 2041 et
611 2008 688 2052 genus
698 1992 729 2040 ab
738 1993 795 2040 Iove
805 2007 907 2041 summo.

254 2061 297 2108 Bis
307 2060 374 2107 denis
383 2060 518 2118 Phrygium
526 2063 653 2109 oonsoendi
662 2062 764 2109 navibus
774 2077 873 2118 aequor,

254 2131 333 2177 matre
343 2129 388 2176 dea
397 2131 549 2178 monstrante
558 2130 631 2188 viam,
642 2131 701 2177 data
709 2130 765 2176 lata
773 2132 886 2185 seeutus3

254 2198 295 2245 vix
305 2199 396 2254 septem
406 2197 534 2245 convulsae
543 2198 615 2244 undis
625 2199 739 2254 Euroque
749 2200 889 2254 supersunt.
967 2221 969 2223 >

254 2266 310 2322 Ipse
320 2267 417 2323 ignotus
427 2280 500 2323 egens
511 2266 602 2322 Libyae
612 2267 709 2313 deserta
719 2281 831 2323 peragro,

255 2335 354 2391 Europa
373 2336 445 2389 atque
464 2332 525 2380 Asia
541 2333 641 2390 pulsus!
677 2334 729 2382 Neo
744 2335 817 2390 plura
831 2350 931 2391 queren-

310 2405 361 2450 tem

254 2486 326 2526 passa
335 2471 417 2518 Venus
427 2471 504 2518 medio
513 2469 548 2518 sio
556 2470 676 2517 interfata
685 2470 766 2518 dolore
776 2473 814 2518 est
824 2492 829 2517 :

476 2565 512 2600 ata
533 2574 550 2599 a.
558 2563 572 2599 l.
580 2562 705 2605 ‘oomponet'

303 2614 312 2663 (
321 2615 373 2664 124)
