1972 3164
426 165 448 205 P.
461 164 581 205 VERGILI
594 164 722 205 MARONIS

236 275 298 317 pone
307 260 367 318 legit
376 262 504 318 munemne
512 262 630 310 immensa
638 262 760 310 volumine
769 264 849 320 terga.

237 331 279 377 Fit
287 330 380 378 sonitus
390 331 518 386 spumante
528 330 579 378 salo
589 349 594 387 ;
609 330 704 386 iamque
717 346 777 378 arva
785 332 911 390 tenebant,

189 409 226 436 2¹0
237 399 395 454 ardentesque
405 399 486 445 ocules
495 398 592 445 suffecti
600 399 717 455 sanguine
726 400 751 446 et
760 400 811 456 igni

237 469 307 517 sibila
315 467 454 514 lambebant
463 467 551 524 linguis
561 467 711 515 vibrantibus
721 484 771 517 cra.

237 536 386 593 Diffugimus
395 536 450 582 visu
460 550 602 592 exsangues.
633 536 674 583 Illi
683 537 780 594 agmine
790 539 857 586 certo

237 605 376 652 Laocoonta
384 604 486 658 petunt:
501 605 526 650 et
536 603 640 659 primum
648 620 724 660 parva
733 606 836 653 duorum

238 687 338 728 corpora
347 674 461 718 natorum
471 686 569 727 serpens
580 673 704 728 amplexus
712 675 814 729 uterque

237 740 347 795 implicat
357 740 382 786 et
393 739 493 787 miseros
512 754 595 786 morsu
604 739 743 795 depascitur
753 743 821 788 artus
830 761 837 798 ;

237 810 293 864 post
302 808 389 864 ipsum,
400 807 489 854 auxilie
498 807 642 854 subeuntem
651 823 680 855 ac
689 809 739 855 tela
748 809 874 866 ferentem,

238 876 372 932 corripiunt
382 875 499 930 spirisque
508 875 587 931 ligant
596 876 743 934 ingentibus,
754 878 779 924 et
788 877 838 924 iam

238 945 275 991 bis
285 944 390 991 medium
400 943 512 1000 amplexi,
523 943 560 990 bis
570 944 630 991 collo
643 960 757 1000 squamea
767 945 857 993 circum

238 1014 310 1069 terga
319 1012 379 1069 dati,
388 1012 505 1066 superant
515 1012 594 1067 capite
603 1015 629 1060 ct
639 1013 772 1061 cervicibus
782 1013 846 1062 altis.

191 1094 228 1121 220
240 1080 285 1128 Ille
295 1080 367 1128 simul
376 1079 487 1126 manibus
497 1080 576 1127 tendit
586 1081 699 1128 divellere
708 1082 783 1129 nodos

239 1148 352 1205 perfusus
363 1147 429 1195 sanie
438 1147 514 1194 vittas
524 1149 624 1204 atroque
634 1164 735 1205 veneno,

239 1217 354 1265 clamores
364 1215 436 1262 simul
445 1215 576 1263 horrendos
586 1216 617 1263 ad
627 1217 706 1264 sidera
714 1217 788 1275 tollit,

238 1285 316 1342 qualis
326 1284 442 1343 mugitus,
453 1283 518 1340 fugit
528 1299 583 1331 cum
593 1286 688 1333 saucius
700 1301 768 1333 aram

238 1355 326 1401 taurus
336 1354 361 1400 et
371 1353 490 1400 ince1tam
500 1353 605 1400 excussit
616 1354 707 1402 cervice
717 1354 829 1402 securim.

239 1421 275 1468 At
284 1421 374 1478 gemini
383 1420 453 1476 lupen
463 1419 565 1467 delubra
575 1421 607 1468 ad
617 1437 712 1469 summa
721 1423 837 1470 bacones

239 1490 361 1547 effugiunt
368 1503 498 1544 saevaeque
508 1490 597 1544 petunt
607 1491 741 1538 Tritonidis
751 1506 840 1547 arcem,

239 1558 285 1605 sub
294 1558 440 1614 pedibusque
450 1557 509 1604 deae
519 1557 635 1614 clipeique
645 1559 690 1605 sub
700 1559 757 1605 orbe
766 1560 893 1615 teguntur.

240 1626 304 1673 Tum
314 1642 371 1673 vero
381 1625 527 1673 tremefacta
536 1641 612 1674 novus
622 1642 666 1683 per
676 1628 776 1682 pectora
785 1625 879 1673 cunctis

239 1696 347 1743 insinuat
361 1710 445 1754 pavor,
456 1697 481 1742 et
491 1695 568 1743 scelus
578 1695 718 1751 expendisse
727 1696 859 1742 merentem

192 1779 229 1815 230
241 1765 380 1812 Laocoonta
389 1763 482 1822 ferunt,
493 1779 590 1812 sacrum
600 1762 642 1818 qui
651 1763 749 1819 cuspide
758 1762 832 1809 robur

240 1833 339 1880 laeserit
349 1835 373 1880 et
383 1834 453 1890 tergo
463 1833 605 1881 sceleratam
614 1832 740 1878 intorserit
750 1830 855 1878 hastam.

240 1902 386 1950 Ducendum
396 1903 427 1950 ad
437 1903 504 1949 sedes
514 1900 670 1948 simulacrum
680 1899 818 1956 orandaque
828 1898 898 1945 divae

239 1970 341 2017 numina
351 1970 511 2018 conclamant.

240 2038 377 2086 Dividimus
387 2053 468 2086 muros
478 2039 503 2086 et
513 2037 608 2085 moenia
618 2035 746 2092 pendimus
756 2035 831 2082 urbis.

239 2107 378 2164 Accingunt
388 2122 470 2155 omnes
480 2106 554 2164 operi,
566 2105 713 2162 pedibusque
722 2106 833 2151 rotarum

240 2175 371 2223 subiiciunt
380 2175 470 2232 lapsus,
481 2177 507 2222 et
516 2177 620 2230 stuppea
629 2173 728 2220 vincula
738 2173 799 2220 cello

239 2245 379 2292 intendunt.
410 2243 510 2291 Scandit
519 2243 603 2290 fatalis
613 2242 727 2290 machine
736 2255 817 2288 muros

240 2314 293 2360 feta
302 2313 383 2360 armis.
414 2311 488 2359 Pueri
497 2310 588 2359 circum
597 2311 762 2366 innuptaeque
773 2308 867 2365 puellse

242 2396 312 2429 sacra
321 2383 412 2429 canunt
421 2381 552 2435 funemque
561 2394 636 2425 manu
646 2379 787 2433 contingere
800 2378 917 2434 gaudent.

193 2467 231 2502 240
242 2450 289 2497 Illa
298 2450 363 2496 subit
373 2449 511 2505 mediaeque
520 2448 615 2496 minans
624 2447 733 2495 illabitur
742 2445 805 2494 urbi.

290 2517 299 2567 (
308 2517 360 2567 144)
