1972 3164
20 21 977 145 ...τ-ΣΞ

421 326 446 366 P.
458 325 580 367 vanem
592 326 722 368 HABONIS

262 422 375 471 Velocem
384 421 478 470 interea
487 422 581 479 superis
590 423 616 470 in
626 423 721 470 sedibus
731 424 814 482 Opim,

233 507 308 539 unam
319 507 350 539 ex
359 491 495 550 virginibus
505 491 574 539 sociis
584 505 699 547 sacraque
709 494 818 551 caterve,

234 560 394 617 compellabat
403 561 429 606 et
438 559 482 606 has
491 559 575 607 tristes
584 559 689 606 latonia
698 574 771 607 voees

234 643 275 675 ore
285 626 374 683 dabat3
389 626 522 674 ‘Graditur
529 626 620 673 bellum
630 627 662 674 ad
671 627 770 675 crudele
779 627 893 686 Camilla,

233 711 249 744 o
258 696 335 753 uirgo,
346 697 371 743 et
380 695 470 742 nostris
479 696 625 751 nequiquam
634 695 742 752 cingitur
750 697 835 755 armis,

234 779 291 811 cara
313 763 373 810 mihi
395 765 453 811 aute
475 762 543 811 elias.
573 764 658 820 Neque
682 765 747 812 enim
770 781 850 813 novus
867 766 914 813 iste

291 832 385 879 Dianae

233 901 300 948 uenit
310 916 378 947 amor
388 900 514 956 subitaque
525 900 633 948 animum
643 901 770 949 dulcedine
780 904 865 950 movit.

235 969 323 1015 Pulsus
333 968 363 1015 ob
372 969 487 1016 inuidiam
497 983 572 1024 reguo
582 967 692 1024 viresque
701 970 820 1025 superbas

186 1051 224 1090 540
235 1038 352 1084 Priuerno
361 1037 461 1092 antiqua
470 1037 585 1084 Metabus
595 1053 650 1085 oum
660 1038 788 1086 excederet
798 1039 867 1096 urbe,

233 1105 353 1152 infantem
364 1106 459 1162 fugiens
469 1105 549 1152 media
557 1106 623 1152 inter
632 1105 724 1161 proelia
734 1105 793 1154 belli

234 1173 336 1220 sustulit
346 1173 417 1220 exilio
426 1173 548 1230 comitem,
559 1173 691 1229 matrisque
700 1174 798 1220 vocavit

233 1241 330 1288 nomine
340 1241 468 1288 Casmillae
477 1243 574 1289 mutata
583 1243 653 1296 parte
664 1241 801 1288 Camillam.

233 1309 289 1364 Ipse
299 1309 354 1356 sinu
362 1325 421 1365 prae
431 1324 456 1356 se
471 1311 572 1365 portans
581 1309 639 1366 iuga
648 1308 721 1366 longa
730 1310 832 1365 petebat

233 1376 338 1425 solorum
344 1392 469 1424 nemorum
479 1397 485 1424 ε
500 1377 551 1424 tela
557 1377 662 1432 undique
668 1392 741 1424 saeve
748 1378 900 1437 premebant,

233 1447 259 1492 et
269 1445 414 1492 circumfuso
423 1445 560 1492 volitabant
571 1446 648 1492 milite
658 1445 749 1494 Volsci.

234 1513 298 1561 Eece
307 1513 380 1570 fugae
390 1515 468 1562 medio
479 1514 579 1561 summis
591 1514 726 1562 Amasenus
736 1514 866 1562 abundem

211 1596 213 1601 ·
235 1580 364 1636 spumabat
374 1581 433 1637 ripis
444 1603 450 1628 ε
464 1584 550 1629 tantus
560 1597 585 1630 se
595 1581 699 1628 nubibus
708 1581 787 1629 imber

235 1652 345 1704 ruperat.
375 1649 429 1706 Hle,
440 1649 525 1696 innare
535 1665 634 1706 perans,
644 1649 746 1697 infantis
757 1666 840 1697 amore

186 1734 223 1772 550
234 1719 349 1765 tardatur
358 1733 460 1773 caroque
470 1718 537 1765 oneri
547 1718 626 1766 timet.
654 1718 743 1765 Omnia
754 1733 837 1766 seeum

233 1788 342 1834 uersanti
352 1787 432 1834 subito
439 1788 480 1834 uix
490 1788 549 1835 haec
559 1787 682 1835 sententie
691 1787 762 1834 sedit.

234 1854 320 1900 Telum
330 1855 435 1901 immane
445 1870 521 1902 manu
530 1855 611 1902 valida
620 1855 683 1911 quod
691 1855 757 1902 torte
766 1855 868 1912 gerebat

232 1921 343 1978 bellator,
355 1922 457 1968 solidum
467 1923 537 1970 nodis
548 1925 573 1970 et
583 1922 668 1970 robore
678 1925 754 1980 cocto,

233 1989 289 2037 huic
299 1991 392 2045 netum,
402 1989 465 2036 libro
474 1992 500 2036 et
510 1991 615 2037 silvestri
625 1991 710 2038 subere
720 1991 838 2049 clausam,

232 2058 341 2114 implicat
351 2059 424 2112 atque
434 2057 541 2105 habilem
551 2060 643 2106 mediae
650 2060 803 2117 circumligat
813 2061 913 2115 hastae:

233 2143 305 2183 quem
318 2127 405 2174 dextre
414 2127 507 2183 ingenti
516 2128 609 2175 librens
619 2128 656 2175 ita
666 2128 698 2174 ad
707 2129 808 2175 aethera
817 2129 887 2176 fatur
896 2151 901 2176 :

233 2195 249 2217 “
256 2196 337 2254 Alma,
347 2195 392 2243 tibi
402 2197 473 2253 hauc,
483 2212 609 2244 nemorum
619 2196 717 2253 cultrix,
726 2196 831 2242 Latonia
838 2197 915 2253 virgo,

235 2263 288 2320 ipse
298 2267 370 2321 peter
378 2265 496 2311 famulam
506 2281 580 2312 voveo
590 2286 595 2312 ε
611 2267 655 2311 tua
665 2265 743 2320 prima
752 2279 797 2320 per
806 2280 881 2311 auras

232 2333 284 2379 tela
293 2336 379 2381 tenens
393 2333 493 2389 supplex
503 2333 597 2381 hostem
608 2333 681 2388 fugit.
711 2331 811 2388 Accipe,
827 2334 915 2388 testor,

186 2401 223 2448 5⁶0
233 2402 290 2448 dive
299 2404 376 2459 tuam,
387 2417 448 2457 quae
458 2417 523 2448 nuno
534 2401 612 2447 dubiis
623 2400 787 2447 committitur
796 2401 881 2448 auris!

233 2469 311 2526 Dixit,
321 2472 346 2517 et
357 2469 461 2516 wduoto
471 2470 607 2516 contortum
618 2467 705 2514 hastile
714 2467 807 2515 lacerto

230 2536 357 2584 immitt‘t:
373 2553 473 2584 sonuere
482 2537 561 2583 undae
572 2557 577 2582 :
591 2536 702 2591 rapidum
714 2551 788 2591 super
799 2551 896 2583 amnem

229 2604 315 2651 infelix
325 2605 390 2660 fugit
399 2606 424 2651 in
433 2605 511 2652 iaculo
521 2604 639 2653 stridente
649 2604 758 2652 Camilla.

280 2672 289 2720 <
299 2686 333 2722 392
345 2673 352 2719 )
