1972 3164
313 181 422 223 AENEIS.
449 183 481 222 IX

58 275 113 333 ipsa
122 277 193 325 deum
203 277 283 325 fertur
294 279 411 327 Genetrix
421 281 567 336 Berecyntia
576 297 690 340 magnum

59 345 157 397 vocibus
165 346 202 393 his
212 347 290 394 affata
303 349 399 396 Iovem:
415 349 477 405 ‘Da‚
488 351 555 407 nate,
566 353 666 408 petenti,

24 461 25 466 ,
59 414 123 469 quod
133 416 177 461 tua
187 430 244 462 cara
253 431 341 472 parens
350 416 442 464 domito
451 418 477 464 te
487 419 564 474 poscit
575 419 683 476 Olympo.

59 482 137 530 Pinea
147 483 209 530 silva
217 484 285 541 mihi,
296 485 386 532 multos
396 485 486 532 dilecta
495 501 538 542 per
547 502 638 546 annos;

58 550 128 598 lucus
138 551 164 598 in
174 567 229 599 arce
239 553 288 598 fuit
298 568 401 611 summa,
411 569 459 610 quo
468 570 538 602 sacra
546 555 668 615 ferebant,

58 620 167 676 nigranti
177 620 244 676 picea
253 620 409 678 trabibusque
418 623 535 670 obscurus
545 626 638 673 acernis
649 647 654 674 ι

59 687 105 735 has
114 703 160 746 ego
170 685 297 736 Dardariio
306 691 396 747 iuveni,
407 706 463 738 cum
472 691 557 738 classis
570 697 661 752 egeret,

58 755 125 805 laeta
134 757 189 805 dedi
200 777 207 814 ;
222 773 287 805 nunc
297 759 425 806 sollicitam
434 759 508 806 timor
518 761 604 808 anxius
614 764 691 820 angit.

21 841 49 880 9ο
60 825 131 874 Solve
150 827 229 873 metus
249 828 321 883 atque
341 827 386 875 hoc
405 827 516 883 precibus
535 828 586 877 sine
604 846 673 886 posse
692 848 733 888 pa-

115 898 218 952 rentem,

58 978 107 1011 neu
117 979 189 1011 cursu
199 966 327 1021 quassatae
337 965 388 1013 ullo
396 981 444 1013 neu
453 966 552 1014 turbine
561 969 629 1015 renti

58 1032 202 1081 vincantur:
217 1034 294 1089 prosit
303 1035 393 1082 nostris
403 1034 429 1081 in
440 1035 561 1082 montibus
571 1039 655 1084 ortas!

58 1100 135 1147 Filius
145 1101 201 1150 huic
211 1104 304 1159 centra,
315 1104 412 1159 torquet
422 1104 463 1159 qui
473 1104 552 1151 sidera
561 1106 661 1152 mundi:

59 1169 97 1216 ‘0
107 1171 225 1227 genetrix,
234 1185 281 1226 quo
290 1171 344 1218 fala
352 1174 440 1219 rocas?
455 1174 499 1218 aut
509 1172 567 1227 quid
577 1173 640 1228 petis
649 1174 719 1221 istis?

57 1237 186 1285 mortaline
196 1239 361 1287 manufactae
371 1240 508 1286 immortale
517 1240 613 1288 carinae

57 1306 97 1354 fas
106 1306 222 1362 habeant,
232 1309 360 1363 certusque
370 1308 464 1355 incerta
473 1308 582 1363 pericula
591 1309 680 1356 lustret

56 1374 169 1422 Aeneas?
181 1375 221 1422 cui
230 1376 301 1422 tanta
311 1376 355 1423 deo
364 1375 482 1432 permissu
491 1377 615 1431 potestas?

57 1445 137 1492 Im1no
146 1443 188 1490 ubi
197 1444 326 1492 defunctae
335 1445 407 1492 finem
417 1447 548 1500 portusque
558 1445 676 1492 tenebunt

57 1512 179 1560 Ausonios
189 1512 255 1570 olim,
266 1527 429 1569 quaecumque
438 1512 542 1560 evaserit
551 1513 630 1570 undis,

11 1600 47 1629 roo
57 1580 258 1637 Dardaniumque
268 1581 353 1629 ducem
363 1581 497 1628 Laurentia
505 1582 597 1629 vexerit
607 1597 674 1640 arva,

56 1649 186 1697 mortalem
195 1649 296 1706 eripiam
305 1649 409 1698 formam
418 1650 546 1706 magnique
555 1650 641 1698 iubebo

56 1719 167 1775 aequoris
177 1732 229 1766 esse
238 1717 303 1775 deas,
314 1718 390 1774 qualis
400 1718 489 1765 Nereia
498 1718 563 1766 Doto

56 1789 83 1835 et
93 1787 197 1835 Galatea
207 1789 290 1833 secant
300 1789 453 1842 spumantem
462 1788 559 1843 pectore
569 1789 688 1844 pontum!

57 1856 162 1904 Dixerat
171 1855 242 1911 idque
252 1857 334 1902 ratum
344 1855 422 1913 Stygii
431 1872 475 1913 per
484 1857 585 1904 flumina
593 1856 687 1913 fratris,

55 1940 101 1982 per
110 1924 162 1980 pice
171 1925 292 1971 torrentes
302 1925 404 1980 atraque
413 1924 527 1981 voragine
536 1925 601 1981 ripas

56 1992 145 2042 annuit
154 1994 179 2040 et
188 1993 268 2039 totum
278 1994 341 2040 nutu
350 1993 487 2041 tremefecit
497 1994 635 2049 Olympum.

85 2061 153 2119 Ergo
162 2061 246 2108 aderat
255 2062 373 2117 promissa
382 2061 432 2108 dies
441 2063 466 2107 et
476 2063 587 2116 tempora
595 2061 687 2107 Parcae

55 2129 139 2178 debita
148 2130 306 2186 complerant,
317 2145 372 2178 cum
382 2129 459 2175 Turni
468 2128 556 2175 iniuria
566 2128 673 2174 Matrem

56 2198 182 2245 admonuit
191 2197 285 2245 ratibus
296 2198 370 2245 sacris
380 2197 500 2252 depellere
508 2196 600 2243 taedas.

10 2291 44 2320 uo
57 2267 106 2314 Hic
116 2266 221 2321 primum
230 2281 293 2314 nova
302 2266 345 2312 lux
354 2266 428 2312 oculis
438 2264 538 2321 offulsit,
549 2266 574 2312 et
583 2264 668 2321 ingens

56 2335 123 2382 risus
133 2334 164 2381 ab
174 2335 271 2382 Aurora
281 2334 374 2381 caelum
383 2335 550 2380 transcurrere
559 2331 663 2387 nimbus,

55 2403 170 2458 Idaeique
179 2403 247 2450 chori
255 2421 262 2458 ς
275 2404 330 2449 tum
339 2416 386 2448 vox
395 2400 515 2447 horrenda
524 2415 567 2456 per
576 2415 648 2447 auras

55 2471 145 2520 excidit
155 2472 180 2518 et
190 2471 282 2518 Troum
292 2469 486 2524 Rutulorumque
496 2468 592 2525 agmina
601 2468 704 2524 complet
713 2490 719 2518 ε

105 2539 114 2589 (
123 2553 157 2588 321
167 2539 176 2587 )
388 2547 401 2576 ιι
