1972 3164
431 171 454 208 P.
467 169 587 210 VERGILI
600 170 728 212 MARONIS

268 264 358 314 ‘Sacra
368 265 490 315 Dionaeae
497 268 571 315 matri
581 268 688 324 divisque
697 267 805 316 ferebam

206 346 232 374 20
241 334 379 391 auspicibus
389 336 528 392 coeptorum
538 351 645 394 operum,
657 352 789 393 superoque
798 336 919 388 nitentem

242 403 383 451 caelicolum
392 403 444 460 regi
453 403 589 450 mactabam
599 403 625 450 in
634 403 705 451 litore
715 405 823 453 taurum.

242 471 317 518 Forte
327 471 376 518 fuit
384 470 454 518 iuxta
463 471 581 528 tumulus,
592 486 639 527 quo
649 487 736 519 cornea
746 488 840 521 summo

240 539 349 596 virgulta
358 541 383 588 et
393 539 471 587 densis
481 539 610 586 hastilibus
620 540 719 587 horrida
728 542 832 596 myrtus.

240 607 347 666 Accessi,
355 608 501 663 viridemque
511 608 542 654 ab
553 608 629 655 humo
639 608 772 656 convellere
781 608 868 656 silvam

241 677 351 733 conatus,
361 676 435 723 ramis
445 677 552 732 tegerem
562 677 591 722 ut
600 665 769 724 frondentibus
779 693 843 735 aras,

240 743 388 791 horrendum
397 745 422 790 et
432 743 499 791 dictu
508 743 578 790 video
587 743 696 792 mirabile
706 746 851 792 monstrum.

240 811 306 858 Nam
316 826 377 867 quae
388 811 468 867 prima
477 811 527 859 solo
536 812 616 868 ruptis
625 812 747 861 radicibus
757 813 829 861 arbos

240 879 347 937 vellitur,
358 879 414 927 huic
424 882 478 927 atro
487 880 614 936 liquuntur
625 880 743 939 sanguine
752 883 840 938 guttae

240 949 267 997 et
275 949 368 995 terram
376 949 434 995 tabo
443 948 575 996 maculant.
605 948 668 996 Mihi
677 949 782 1006 frigidus
791 950 880 998 horror

206 1035 232 1073 30
241 1016 350 1064 membra
359 1017 446 1074 quatit,
456 1017 595 1074 gelidusque
605 1016 654 1064 coit
665 1015 794 1064 formidine
808 1017 917 1078 sanguis.

240 1084 337 1133 Rursus
346 1087 371 1133 et
380 1084 481 1132 alterius
490 1084 583 1132 lentum
594 1084 727 1132 convellere
736 1085 819 1132 vimen

240 1152 354 1210 insequor
362 1156 388 1201 et
397 1169 481 1201 causas
491 1153 588 1209 penitus
597 1154 719 1209 temptare
726 1153 833 1202 latentes
844 1174 850 1202 ε

192 1260 196 1265 .
241 1222 329 1270 uteret
338 1221 439 1270 alterius
449 1222 557 1279 sequitur
566 1222 595 1271 de
605 1222 693 1270 cortice
703 1224 810 1280 sanguis.

240 1290 324 1338 Multa
332 1307 430 1340 movens
440 1291 520 1339 animo
528 1291 656 1347 Nymphas
665 1291 801 1339 venerabar
808 1294 918 1351 agrestes

241 1359 422 1416 Gradivumque
430 1361 533 1416 patrem,
544 1359 634 1406 Getieis
644 1358 686 1414 qui
695 1360 817 1414 praesidet
827 1360 902 1418 arvis,

240 1427 288 1475 rite
298 1428 460 1476 secundarent
468 1427 534 1475 visus
543 1442 658 1483 omenque
668 1428 788 1476 levarent.

241 1495 326 1544 Tertia
336 1496 378 1545 sed
386 1498 514 1554 postqum
522 1495 613 1543 maiore
621 1495 721 1543 hastilia
729 1496 787 1543 nisu

240 1565 368 1620 aggredior
375 1565 524 1621 genibusque
533 1564 648 1611 adversae
657 1564 768 1612 obluctor
776 1565 893 1623 harenae,

241 1631 348 1688 (eloquar
356 1648 389 1679 an
398 1633 482 1680 sileam
489 1632 508 1688 l)
522 1631 625 1689 gemitus
635 1621 790 1680 lacrimabilis
799 1632 849 1680 imo

204 1719 230 1758 ⁴0
240 1699 340 1746 auditur
349 1700 451 1757 tumulo,
461 1701 487 1746 et
495 1714 542 1747 vox
551 1701 646 1747 reddita
655 1699 735 1748 fertur
744 1700 776 1748 ad
786 1716 858 1748 aures
867 1720 873 1748 ε

241 1767 257 1790 “
265 1767 456 1824 Quid'miserum‚
462 1768 554 1824 Aenea,
560 1768 668 1816 laceras?
680 1768 729 1816 iam
735 1770 917 1826 parcesepulto‚

239 1850 311 1892 parce
320 1835 372 1890 pias
382 1835 498 1882 scelerare
508 1852 595 1883 manus
605 1857 610 1884 ι
626 1853 675 1883 non
683 1852 722 1884 me
731 1836 777 1884 tibi
786 1837 862 1884 Troia

239 1905 367 1953 externum
376 1903 434 1952 tulit
444 1906 488 1951 aut
497 1920 569 1951 cruor
578 1905 617 1952 hic
627 1905 656 1952 de
667 1905 749 1960 stipite
758 1907 852 1952 manat.

239 1973 297 2020 Heu
305 1971 363 2029 fuge
373 1972 482 2019 crudeles
491 1973 579 2030 terras,
589 1973 648 2030 fuge
657 1973 715 2021 litus
725 1988 835 2020 avarum.

239 2043 304 2089 Nam
314 2040 446 2098 Polydorus
456 2057 500 2098 ego
510 2061 516 2088 ι
531 2041 570 2088 hic
580 2042 699 2088 confixum
708 2042 788 2089 ferrea
796 2040 859 2088 texit

239 2111 343 2159 telorum
353 2125 420 2167 seges
429 2111 455 2157 et
464 2109 547 2157 iaculis
555 2109 659 2157 increvit
668 2109 773 2157 acutis.”

240 2180 304 2227 Tum
313 2194 370 2226 vero
379 2177 481 2234 ancipiti
487 2179 593 2224 mentem
603 2177 732 2225 formidine
742 2193 839 2234 pressus

238 2248 353 2304 obstupui
363 2248 529 2301 steteruntque
535 2260 617 2293 comae
623 2247 648 2294 et
654 2261 702 2293 vox
710 2246 821 2293 faucibus
827 2243 913 2292 haesit.

269 2317 359 2364 ‘Hunc
373 2314 521 2373 Polydorum
534 2313 588 2361 auri
603 2314 723 2371 quondam
740 2329 796 2361 cum
810 2313 915 2370 pondere

204 2466 229 2502 50
238 2398 446 2568 inteligaziibmus
455 2451 542 2499 lui-tim
552 2450 682 2498 mandarat
692 2450 803 2498 alendum

305 2533 314 2559 1
328 2533 340 2568 4
