1972 3164
412 173 562 218 GEORGIOh
595 177 618 217 11

172 285 245 318 mane
255 269 405 318 salutantum
414 272 473 319 totis
483 273 558 320 vomit
568 271 667 320 aedibus
676 273 774 333 undam,

173 355 218 387 nec
227 339 305 386 varios
315 339 410 387 inhiant
420 341 523 397 pulchra
532 343 656 389 testudine
665 345 754 400 postes,

171 408 303 464 illusasque
313 423 373 456 auro
382 411 461 457 vestes
472 410 643 466 Ephyreiaque
652 426 717 468 aera,

172 477 230 524 alba
238 492 315 533 neque
324 477 424 534 Assyrio
433 477 532 525 fucatur
541 478 599 525 lena
608 493 708 536 veneno,

172 560 218 593 nec
228 545 293 593 casia
302 545 385 601 liquidi
395 546 559 602 corrumpitur
568 562 627 593 usus
637 546 708 603 olivi;

173 615 201 662 at
212 629 296 661 secura
305 614 371 670 quies
381 615 406 661 et
415 615 496 661 nescia
505 614 590 662 fallere
600 615 661 672 vita,

174 682 241 730 divas
251 697 323 738 opum
333 682 464 736 variarum,
475 685 502 730 at
511 683 567 730 latis
578 682 627 730 otia
637 683 729 740 fundis,

173 749 303 806 speluncae
312 751 407 806 vivique
416 750 491 808 lacus,
502 753 528 797 at
538 751 627 807 frigide
637 752 728 808 Tempe

124 840 164 878 ⁴70
173 819 329 875 mugitusque
338 819 411 866 boum
421 819 549 874 mollesque
558 819 603 866 sub
613 819 697 866 arbore
711 819 788 867 somni

173 902 225 935 non
234 886 338 943 absunt5
353 887 402 934 illic
413 887 489 934 saltus
499 902 528 935 ac
537 887 618 934 lustra
626 888 744 945 ferarum,

173 958 200 1004 et
210 955 304 1012 patiens
314 970 414 1011 operum
424 955 555 1012 exiguoque
565 958 662 1003 assueta
671 956 793 1014 iuventus,

173 1039 246 1072 sacra
255 1024 326 1071 deum
336 1024 460 1080 sanctique
470 1026 552 1080 patres
560 1044 566 1081 ς
581 1026 690 1071 extrema
699 1041 743 1080 per
751 1025 805 1071 illos

174 1092 276 1139 Iustitia
285 1092 400 1140 excedens
410 1093 483 1139 terris
492 1093 595 1149 vestigia
604 1093 671 1141 fecit.

204 1161 247 1208 Me
256 1176 313 1208 vero
322 1161 426 1216 primum
436 1161 517 1208 dulces
527 1163 584 1208 ante
595 1162 675 1208 omnia
684 1162 780 1217 Musae,

174 1244 279 1286 quarum
289 1244 358 1276 sacra
368 1229 420 1276 faro
429 1229 523 1286 ingenti
533 1245 660 1285 percussus
670 1245 760 1287 amore,

175 1297 305 1355 accipiant,
316 1298 421 1353 caelique
431 1297 482 1344 vias
493 1299 518 1344 et
528 1297 607 1344 sidera
616 1299 762 1353 monstrent,

175 1366 287 1414 defectus
297 1367 353 1414 solis
363 1367 443 1414 varios
452 1366 571 1422 lunaeque
581 1365 690 1422 laboras3

176 1435 242 1482 unde
251 1436 343 1482 tremor
351 1434 432 1492 terris,
443 1450 491 1490 qua
500 1435 525 1481 vi
534 1435 612 1482 maria
621 1435 674 1481 alta
681 1435 820 1482 tumescant

124 1510 166 1560 480
176 1503 292 1552 obiicibus
302 1505 381 1561 ruptis
390 1519 522 1560 rursusque
532 1503 557 1549 in
568 1519 593 1551 se
602 1503 655 1559 ipsa
665 1503 782 1560 residant,

176 1572 237 1629 quid
245 1573 342 1619 tantum
352 1572 448 1620 Oceano
458 1575 588 1629 properent
598 1588 623 1620 se
633 1573 745 1629 tinguere
755 1571 816 1619 solas

176 1641 280 1699 hiberni,
290 1641 329 1688 rel
338 1657 399 1697 quae
408 1642 486 1689 tardis
495 1657 563 1688 mora
572 1641 683 1689 noctibus
693 1641 782 1689 obstet.

177 1710 222 1758 Sin
231 1709 275 1756 has
285 1725 316 1758 no
325 1711 414 1766 possim
424 1711 527 1757 naturae
537 1711 649 1757 accedere
659 1710 742 1766 partes

175 1778 283 1837 frigidus
293 1777 415 1825 obstiterit
425 1778 515 1826 circum
525 1778 666 1834 praecordia
675 1777 783 1835 sanguis,

176 1863 238 1894 rura
247 1847 306 1894 mihi
315 1849 340 1894 et
349 1846 414 1904 rigui
423 1847 535 1903 placeant
545 1847 570 1893 in
580 1846 683 1894 vallibus
693 1860 784 1902 amnes,

177 1915 279 1963 flumina
289 1930 367 1963 amem
377 1915 496 1972 silvasque
506 1915 631 1972 inglorius.
661 1915 682 1962 0
692 1914 734 1961 ubi
744 1913 823 1969 campi

178 1983 359 2040 Spercheusque
370 1986 395 2031 et
404 1984 538 2041 virginibus
548 1984 667 2031 bacchata
676 1982 794 2030 Lacaenis

178 2053 297 2109 Taygeta,
308 2067 322 2099 ο
333 2052 374 2108 qui
383 2068 421 2100 me
436 2052 520 2111 gelidis
531 2051 679 2100 convallibus
690 2049 780 2097 Haemi

178 2121 259 2178 sistat,
270 2122 295 2168 et
304 2120 398 2177 ingenti
407 2136 530 2168 ramorum
540 2122 651 2177 protegat
660 2119 763 2166 umbra?

127 2203 167 2243 490
178 2189 258 2246 Felix,
268 2189 310 2244 qui
319 2189 399 2245 potuit
408 2205 489 2237 rerum
500 2204 641 2246 cognoscere
649 2202 743 2242 causas,

179 2260 253 2314 acque
263 2259 343 2305 metus
353 2273 435 2305 omnes
445 2259 470 2305 et
480 2257 626 2305 inexorabile
635 2257 716 2303 fatum

180 2326 283 2374 subiecit
290 2326 390 2382 pedibus
400 2327 575 2382 strepitumque
585 2323 730 2372 Acherontis
741 2322 817 2370 avari.

181 2396 334 2442 Fortunatus
344 2397 369 2442 et
378 2395 427 2452 ille,
438 2395 493 2442 deos
503 2394 544 2450 qui
554 2393 622 2440 novit
632 2393 748 2448 agrestes,

181 2464 296 2518 Panaque
303 2463 475 2519 Silvanumque
485 2477 565 2511 senem
576 2461 748 2516 Nymphasque
755 2474 855 2508 sorores.

230 2534 238 2580 (
248 2531 288 2581 71)
