1972 3164
296 94 318 131 P.
331 94 449 133 VERGILI
463 94 591 135 MARONIS

107 187 193 236 addam
204 201 273 236 oerea
280 204 359 244 pruna
370 210 374 236 :
389 187 465 236 honos
474 188 521 236 erii
530 189 586 236 huic
593 203 685 246 quoqne
695 205 778 248 pom03

107 261 132 306 et
141 273 192 316 ros,
200 273 216 305 o
224 257 295 316 lauri,
309 273 408 314 carpam
417 260 443 306 ei
451 260 485 316 te,
496 258 606 314 proxima
614 262 701 316 myrto,

107 327 141 375 sio
152 327 244 383 positae
254 327 366 384 quoniam
376 341 462 374 suaves
471 326 577 375 miscello
589 327 682 375 odores.

107 395 223 443 Rusticus
232 411 266 453 es,
277 395 388 452 Corydon
398 416 404 443 ε
417 410 462 443 neo
471 411 574 443 munera
583 397 654 444 curat
663 397 754 454 Alexis,

107 479 159 521 neo,
170 464 191 511 si
200 464 339 511 muneribus
349 465 435 520 oories,
444 464 559 512 oonoedni
569 464 651 512 Iollas.

108 532 165 579 Heu
187 532 248 580 heu!
279 531 342 588 Quid
364 531 429 579 volui
453 532 540 580 misero
565 533 638 580 mihil
669 532 780 581 Floribus

163 601 274 648 austrum

107 668 215 725 perditus
223 669 248 716 el
257 667 353 725 liquidis
362 667 452 715 immisi
461 667 571 716 ioniibus
580 685 661 725 apros.

71 739 97 778 6ο
108 736 184 793 Quem
201 737 275 794 fugis,
292 737 333 794 ah,
351 736 462 784 demens?
484 736 627 785 habitarunl
647 738 673 785 di
688 754 781 796 quoque

163 805 236 852 silvas

107 873 291 930 Dardaniusque
301 875 379 923 Paris.
410 875 491 922 Pallas
501 890 560 931 quas
568 875 675 923 condidii
685 891 753 924 eroes

105 942 160 998 ipso
169 942 232 990 eolat
242 963 247 990 ε
262 942 330 990 nobis
340 943 454 999 plaoeani
463 945 521 991 anio
528 944 610 991 omnia
619 944 701 992 silvae.

107 1010 187 1057 Torva
196 1010 279 1058 leaena
288 1010 373 1067 lupum
383 1012 499 1069 sequitur,
510 1011 582 1067 lupus
592 1012 644 1067 ipse
653 1012 779 1068 capellam,

107 1077 231 1126 florentem
241 1079 344 1135 oyiisum
354 1079 463 1136 sequitur
471 1079 563 1127 lasoira
571 1079 672 1137 capella,

106 1147 133 1194 ie
142 1146 261 1205 Corydon,
271 1162 287 1194 o
295 1147 366 1195 Alexi
377 1168 382 1194 ι
397 1147 476 1194 trahil
485 1162 529 1194 sua
535 1162 651 1204 quemque
658 1148 778 1205 voluptas.

108 1215 203 1273 Aspice,
213 1217 298 1263 aratra
307 1215 364 1273 ingo
373 1214 485 1263 reierunl
494 1230 610 1272 suspensa
616 1215 720 1274 iuvenci,

108 1286 135 1332 ei
144 1284 179 1332 sol
189 1287 321 1333 oresoenies
331 1283 447 1332 decedens
456 1284 564 1339 duplioal
573 1284 671 1331 umbras
680 1305 686 1332 ι

110 1355 236 1401 notamen
243 1353 293 1400 urii
300 1368 383 1400 amors
397 1352 449 1409 quis
456 1352 520 1399 enim
526 1352 611 1399 modus
617 1352 681 1400 odsil
689 1353 780 1400 amori?

109 1422 150 1469 Ah
159 1421 270 1478 Corydon
280 1421 399 1478 Corydon,
408 1435 468 1477 quae
477 1422 503 1468 ie
512 1419 634 1467 dementia
640 1420 720 1475 oepit?

72 1507 98 1543 70
111 1489 262 1545 Semiputata
271 1489 316 1536 libi
325 1489 439 1536 frondosa
448 1488 504 1535 vilis
514 1488 539 1535 in
548 1488 615 1535 ulmo
624 1489 670 1535 est.

109 1557 208 1614 Quinta
213 1557 304 1612 aliquid
312 1557 399 1604 saliem
406 1557 495 1614 polius,
502 1571 603 1613 quorum
613 1555 706 1612 indiget
713 1571 778 1613 usus,

107 1622 235 1669 viminibus
245 1622 357 1678 mollique
368 1637 440 1678 paras
450 1621 562 1669 deiexere
571 1621 658 1669 iunco?

105 1690 212 1738 invenies
222 1689 306 1748 olium,
317 1690 338 1737 si
346 1692 372 1738 ie
381 1690 421 1737 hio
430 1689 534 1747 fastidit,
545 1688 658 1736 Alexim)

324 1947 476 2001 ECLOGA
500 1947 559 2000 ΙΙΙ.

136 2064 299 2112 Mnnsncns.
358 2064 521 2112 DnmonrAs.
580 2064 749 2110 Pennnmon.

105 2171 141 2218 M.
171 2171 255 2262 DIC
281 2171 347 2250 mihi,
372 2171 500 2250 llamooia,
523 2169 604 2217 ouium
635 2171 724 2225 pecus?
747 2183 778 2214 an

134 2307 166 2354 D.
196 2307 261 2365 Non,
277 2239 482 2363 ded-Idmonis
490 2324 497 2362 ;
512 2321 590 2362 nuper
605 2306 665 2353 mihi
677 2304 779 2352 tradidit

161 2375 253 2431 Aegon.

152 2443 210 2492 (14)
