1972 3164
318 129 342 169 P.
355 126 474 166 vesunu
488 125 619 167 nnsoms

131 241 176 274 nee
185 226 264 273 minus
274 225 363 272 ideireo
372 227 466 272 veslroe
475 239 618 280 expromere
629 228 720 273 contus

159 294 278 341 maximus
288 296 313 340 el
322 295 418 341 senoios
427 293 514 350 dignus
525 292 589 341 inire
602 293 700 342 choros.

131 364 176 411 hoe
185 363 268 419 itaque
277 363 378 411 insuetis
387 363 463 410 lector
472 362 558 420 magis,
569 363 673 420 oplime,
685 363 760 420 euris,

97 447 122 473 10
161 432 219 488 quid
228 433 257 480 de
266 435 292 479 te
301 433 389 489 possim
399 432 502 480 seribere
509 432 597 488 quidve
607 433 664 480 tibi.

132 517 235 558 nomque
246 503 348 559 (fatebor
357 502 430 558 enim)
440 515 501 557 quoe
510 501 619 548 maximo
629 501 773 550 deterrendi

161 570 251 626 debuit,
261 570 376 617 hortandi
386 569 491 616 maximo
500 584 574 617 eausa
583 569 643 617 fuit.

133 653 211 694 peuce
220 639 264 684 luo
273 639 298 684 in
308 640 404 685 nostrus
413 639 532 684 venerunl
543 638 655 685 earmina
665 639 777 694 chorius,

161 707 269 753 carmina
278 722 333 754 eum
343 707 434 763 lingue,
445 708 498 753 lum
508 706 558 753 sele
568 707 697 765 Cecropio,

133 776 248 832 carmina,
259 791 320 831 quoe
330 776 473 832 Phrygium,
484 775 567 822 saeclis
577 778 683 832 eoeeplu
693 777 793 833 futuris,

161 845 276 901 earmina,
288 860 348 899 quae
358 844 453 900 Pylium
463 843 559 890 vincere
569 843 646 900 digne
653 859 748 892 senem.

133 913 238 960 molliter
247 913 286 959 hie
296 913 366 959 viridi
377 912 475 968 patulae
485 911 529 958 sub
539 913 649 968 segmine
659 929 766 969 quereus

162 981 251 1028 Moeris
261 982 369 1036 pastores
383 983 409 1028 et
418 980 550 1027 Meliboeus
561 983 642 1037 erunt,

134 1049 214 1096 dulcia
223 1049 341 1096 iacientes
351 1049 445 1096 alterno
455 1049 562 1096 earmina
571 1064 653 1107 versu,

99 1131 123 1158 20
163 1118 243 1173 qualis
252 1118 390 1164 Trinacriae
401 1118 485 1164 declus
495 1121 562 1164 amul
572 1118 677 1167 iuvenis.

135 1186 246 1233 oerlalim
257 1186 376 1233 ornebenl
386 1202 468 1233 omnes
477 1186 575 1233 heroido
585 1187 643 1244 divi,

163 1255 275 1303 sertatim
285 1257 353 1303 (lives
364 1271 463 1303 munere
472 1270 564 1311 quoque
574 1270 626 1303 suo.

134 1324 228 1372 felicem
238 1326 295 1371 onie
305 1325 364 1371 elios
374 1340 389 1371 o
397 1326 423 1371 le
432 1324 549 1380 scriplore
559 1324 667 1379 puellum
678 1328 683 1372 !

163 1392 240 1439 allero
250 1408 297 1439 non
307 1392 374 1440 loma
383 1392 471 1439 dixerit
480 1407 532 1440 esse
542 1391 609 1447 prior
619 1413 624 1439 :

134 1476 183 1508 non
192 1462 242 1518 ille,
253 1462 415 1518 Hesperidum
424 1461 450 1508 ni
460 1476 559 1508 munere
568 1461 642 1516 capla
651 1461 753 1519 fuisset,

163 1546 223 1585 quoe
233 1530 353 1577 volucrem
365 1546 438 1577 cursu
447 1531 538 1577 vicerat
548 1529 723 1584 Hippomenen
733 1551 740 1588 3

135 1600 237 1646 candidu
247 1615 334 1655 cycneo
344 1615 392 1646 non
402 1599 468 1646 edito
477 1597 596 1655 Tyndaris
607 1614 661 1656 ovo,

163 1683 211 1714 non
221 1683 308 1722 supero
318 1667 413 1723 fulgens
424 1667 552 1723 Cassiopea
561 1667 624 1723 polo,

135 1752 183 1783 non
194 1737 292 1783 defense
302 1738 343 1783 diu
352 1738 448 1785 vultum
460 1737 591 1785 certamine
601 1752 731 1793 equorum,

99 1824 123 1860 30
164 1805 282 1860 optabunt
293 1806 380 1853 Graiae
390 1807 453 1862 quod
463 1807 507 1853 sibi
517 1821 623 1861 quaeque
637 1822 737 1863 manus,

135 1890 205 1929 saepe
216 1874 321 1920 animem
330 1876 414 1930 generi
423 1891 467 1931 pro
477 1892 524 1931 qua
533 1878 604 1931 peter
613 1875 696 1930 inpius
706 1875 803 1932 hausit,

162 1960 233 1999 saepe
242 1943 316 1989 rubro
326 1944 409 1990 similis
420 1945 536 2001 sunguine
546 1944 616 1989 fiuxit
626 1944 721 1990 humus
732 1963 738 1999 ;

134 2013 201 2070 regio
211 2028 259 2059 non
270 2013 369 2068 Semele,
381 2028 429 2058 non
439 2013 535 2060 Inachis
545 2012 681 2068 Acrisione‚

163 2082 243 2129 inmiti
252 2083 366 2137 expertae
376 2082 476 2127 fulmine
486 2083 511 2128 el
520 2081 596 2126 imbre
606 2081 691 2127 Iovem
702 2101 708 2136 3

135 2168 183 2199 non
194 2152 261 2200 cuius
271 2153 345 2206 raptu
355 2150 419 2205 pulsi
428 2150 517 2205 liquere
528 2152 627 2205 penates

164 2222 289 2278 Tarquinii
298 2221 398 2276 patrios,
409 2221 472 2265 filius
483 2220 642 2274 atquepater,

135 2290 176 2336 illo
186 2306 233 2345 quo
243 2290 347 2346 primum
358 2288 494 2334 dominatus
504 2288 582 2332 Rome
593 2287 710 2340 superbos

163 2359 267 2404 mutavit
277 2356 376 2412 placidis
386 2356 494 2409 tempore
504 2352 647 2400 oonsulibus,

135 2424 221 2479 multe,
232 2441 308 2480 neque
318 2425 445 2479 inmeritis,
456 2423 554 2470 donavit
564 2422 673 2476 praemia
684 2424 805 2482 alumnis

184 2492 193 2539 (
202 2494 254 2541 440)
