1972 3164
448 176 471 215 P.
484 176 603 215 VERGILI
616 175 745 216 MARONIS

258 286 317 328 quos
326 271 450 319 hominum
461 288 491 320 ex
500 272 562 321 facie
572 273 617 320 dea
626 288 699 320 saeva
707 272 848 329 potentibus
855 273 940 323 herbis

224 357 249 385 πο
257 340 372 389 induerat
382 341 452 389 Circe
460 341 487 388 in
496 341 579 388 vultus
589 357 618 389 ac
627 343 698 398 terga
707 341 824 389 ferarum.

259 409 327 466 Quae
336 425 367 457 ne
376 411 486 457 monstra
495 409 529 465 pii
538 411 680 464 paterentur
689 409 750 456 talia
759 409 834 456 Troes

259 477 335 525 delati
343 477 369 524 in
379 478 472 533 portus,
482 491 530 523 neu
543 476 617 523 litera
626 476 680 523 dira
689 477 806 534 subirent,

258 546 389 601 Neptunus
399 544 478 591 ventis
487 544 598 599 implerit
607 543 662 591 vela
670 544 789 602 secundis,

259 615 331 669 amne
341 613 426 672 lugam
436 612 511 669 dedit,
521 613 548 660 et
557 613 655 668 praeter
664 613 727 660 vada
736 613 833 662 fervida
840 615 917 664 vexit.

287 682 386 738 Iamque
403 678 545 728 rubescebat
561 679 635 727 radiis
650 694 725 738 mare,
741 682 767 729 et
786 682 886 732 aethere
905 683 937 732 ab

259 819 356 866 Aurora
364 819 390 866 in
399 818 472 866 roseis
482 817 593 875 fulgebat
603 817 671 865 lutea
679 818 754 876 bigis:

259 903 314 935 cum
323 888 391 935 venti
399 902 499 943 posuere
508 887 632 942 omnisque
641 888 740 943 repente
749 888 840 935 resedit

259 955 340 1013 flatus,
351 957 376 1003 et
385 956 411 1002 in
420 956 487 1003 lento
495 955 623 1002 luctantur
632 971 751 1003 marmore
761 959 854 1004 tonsae.

258 1025 340 1080 Atque
349 1024 388 1071 hic
397 1025 492 1071 Aeneas
501 1024 622 1080 ingentem
633 1039 663 1071 ex
672 1040 774 1079 aequore
780 1025 864 1072 lucum

224 1113 250 1150 ³0
259 1091 381 1148 prespicit.
412 1091 486 1138 Hunc
493 1090 558 1139 inter
567 1090 640 1138 fluvio
649 1091 775 1138 Tiberinus
785 1107 888 1140 amoeno

259 1159 389 1208 verticibus
398 1159 488 1215 rapidis
498 1161 524 1206 et
534 1158 612 1205 multa
621 1159 698 1205 flavus
708 1160 801 1207 harena

258 1227 285 1274 in
293 1242 361 1275 mare
370 1227 514 1284 prorumpit.
544 1226 634 1275 Variae
643 1227 780 1282 circumque
790 1242 914 1284 supraque

258 1297 369 1342 assuetae
378 1295 437 1351 ripis
446 1295 555 1342 volucres
565 1296 590 1342 et
600 1294 704 1342 fluminis
714 1295 783 1342 alveo

258 1362 359 1410 aethera
368 1362 506 1410 mulcebant
515 1364 600 1418 cantu,
609 1361 710 1418 luceque
719 1362 843 1410 volebant.

258 1429 368 1478 Flectere
377 1430 425 1478 iter
434 1429 504 1477 sociis
514 1432 641 1486 terraeque
650 1431 777 1478 advertere
786 1446 875 1487 proras

257 1498 370 1556 imperat,
380 1499 405 1546 et
414 1498 493 1546 laetus
503 1498 577 1545 fluvio
587 1498 693 1545 succedit
702 1514 785 1554 opaco.

286 1567 358 1615 Nunc
368 1581 421 1623 age,
429 1567 469 1622 qui
478 1581 554 1623 reges,
562 1567 648 1623 Erato,
655 1582 715 1622 quae
724 1568 836 1622 tempora
842 1583 932 1625 rerum,

258 1635 310 1690 quis
320 1635 392 1682 Latio
402 1634 501 1690 antiqua
511 1634 587 1681 fuerit
596 1636 684 1691 status,
695 1636 787 1682 advena
797 1635 900 1684 classem

258 1719 313 1750 cum
323 1703 427 1758 primum
437 1701 551 1749 Ausoniis
561 1703 680 1750 exercitus
689 1704 783 1759 appulit
793 1704 852 1760 oris,

221 1791 248 1828 40
258 1771 381 1826 expediam
391 1771 416 1817 et
426 1771 518 1827 primae
528 1771 646 1819 revocabo
655 1772 753 1818 exordia
762 1787 869 1828 pugnae.

258 1838 297 1884 Tu
305 1839 395 1894 vatem,
405 1839 442 1894 tu,
453 1838 516 1895 diva,
527 1854 605 1886 mone.
635 1839 721 1886 Dicam
730 1839 829 1886 horrida
837 1840 910 1898 bella,

257 1907 335 1954 dicam
345 1906 407 1953 acies
417 1908 530 1961 actosque
540 1907 627 1954 animis
634 1907 660 1954 in
669 1906 757 1954 funera
766 1922 847 1964 reges,

257 1976 454 2031 Tyrrhenamque
473 1989 580 2032 manum,
598 1976 721 2030 totamque
741 1975 786 2022 sub
805 1991 877 2024 arma
894 1992 930 2024 co·

312 2045 392 2091 actam

256 2111 407 2168 Hesperiam.
437 2111 517 2158 Maior
526 2126 607 2157 rerum
617 2111 676 2157 mihi
684 2111 794 2158 nascitur
803 2113 871 2169 ordo,

255 2181 332 2227 maius
342 2195 401 2234 opus
412 2193 501 2225 moveo.

519 2247 572 2293 Rex
581 2262 640 2294 arra
650 2247 751 2294 Latinus
761 2250 787 2295 et
796 2248 869 2296 urbes

254 2319 303 2365 iam
313 2317 391 2364 senior
400 2315 473 2372 longa
482 2315 589 2370 placidas
599 2315 625 2362 in
635 2331 694 2370 pace
704 2317 812 2372 regebat.

255 2387 328 2433 Hunc
338 2385 423 2432 Fauno
433 2386 458 2431 et
467 2383 582 2439 Nympha
589 2384 697 2439 genitum
706 2386 828 2432 Laurente
835 2386 930 2434 Marica

254 2454 384 2568 accipimus
394 2473 398 2499 :
413 2452 499 2499 Fauno
509 2452 581 2499 Picus
591 2455 670 2510 pater,
681 2454 747 2509 isque
757 2457 884 2510 parentem

318 2522 353 2560 268
