1972 3164
443 177 465 214 P.
479 175 598 216 VERGILI
612 177 741 216 MARONIS

254 272 436 329 Threiciamque
459 273 566 331 Samum,
591 290 652 329 qnae
676 288 741 320 nunc
765 273 940 324 Samothracia

310 341 398 388 fertur.

255 407 320 456 Hinc
330 408 410 465 illum,
420 407 521 464 Corythi
531 409 657 465 Tyrrhena
666 409 697 455 ab
707 407 763 455 sede
773 406 923 467 profectum,

206 495 243 521 210
254 493 329 524 aurea
338 493 403 525 nunc
413 477 472 525 solio
481 477 601 525 stellantis
610 477 679 536 regia
689 475 750 524 caeli

253 545 342 601 accipit
351 547 376 592 et
386 561 513 593 nnmerum
523 546 632 594 divorum
642 545 761 593 altaribus
772 545 867 603 auget!

282 613 392 669 Dixerat,
403 615 428 660 et
438 613 504 660 dicta
513 613 618 661 Ilioneus
628 614 663 661 sic
671 628 729 661 voce
739 613 854 660 secutus:

254 681 329 738 ‘Rex,
339 697 416 738 genus
426 681 550 738 egregium
559 682 648 739 Fauni,
659 697 703 728 nec
713 679 829 728 fluctibus
838 683 909 730 actos

253 751 309 796 atra
320 749 415 806 subegit
424 750 517 806 hiemps
527 751 614 797 vestris
624 751 751 797 succedere
761 748 845 807 terris,

254 833 298 865 uec
308 818 374 865 sidus
382 818 480 874 regione
489 818 542 866 viae
551 818 639 864 litusve
648 818 736 865 fefellit
745 838 751 865 =

254 886 355 934 consilio
365 886 429 934 hanc
439 901 521 934 omnes
530 887 663 942 animisque
672 887 809 936 volentibus
819 887 908 935 urbem

253 954 389 1012 efferimur,
400 955 464 1011 pulsi
473 955 564 1012 regnis,
575 970 635 1011 quae
645 955 751 1002 maxima
760 957 885 1013 quondam

253 1025 361 1070 extremo
370 1023 468 1071 veniens
479 1023 520 1071 Sol
530 1022 662 1079 aspiciebat
672 1023 784 1079 Olympo.

254 1089 293 1137 Ab
303 1092 361 1139 Iove
371 1092 515 1154 principium
524 1092 627 1149 generis,
637 1093 695 1140 Iove
705 1092 825 1140 Dardana
834 1093 914 1149 pubes

206 1177 244 1203 220
254 1160 345 1216 gaudet
355 1174 408 1216 avo,
419 1171 462 1206 rex
471 1159 522 1215 ipse
533 1161 597 1208 Iovis
607 1160 718 1216 degente
728 1175 852 1217 suprema,

254 1228 341 1274 Troius
348 1228 450 1284 Aeneas,
461 1229 505 1274 tua
514 1243 558 1276 nos
568 1228 599 1274 ad
608 1228 692 1274 limina
701 1227 775 1275 misit.

254 1296 352 1353 Quanta
362 1310 406 1352 per
416 1296 501 1344 Idaeos
512 1296 589 1344 saevis
598 1297 676 1344 effusa
686 1295 796 1352 Mycenis

253 1366 384 1419 tempestas
394 1363 449 1411 ierit
459 1380 565 1422 campos,
576 1365 661 1420 quibus
672 1366 741 1411 actus
750 1365 856 1420 uterque

253 1433 365 1487 Europae
374 1433 447 1487 atque
454 1432 527 1480 Asiae
537 1433 596 1480 fatis
606 1431 755 1481 concurrerit
764 1431 840 1490 orbis,

253 1500 329 1547 audiit
339 1501 365 1547 et
375 1499 395 1546 si
404 1515 474 1556 quem
484 1501 557 1548 tellus
567 1503 675 1549 extrema
684 1499 767 1546 refuso

253 1570 387 1616 ammovet
397 1568 500 1626 Oceano,
511 1569 536 1616 ct
546 1569 566 1616 si
576 1584 647 1624 quem
656 1569 757 1615 extenta
766 1567 899 1627 plagarum

253 1638 369 1692 quattuor
378 1635 404 1681 in
413 1637 492 1684 medio
502 1636 594 1682 dirimit
604 1637 677 1692 plaga
687 1635 748 1682 Solis
757 1635 843 1691 iniqui.

253 1704 351 1751 Diluvio
360 1720 390 1751 ex
399 1705 440 1751 illo
450 1706 489 1751 tot
499 1706 569 1751 vasta
579 1720 622 1761 per
632 1719 736 1759 aequora
745 1703 809 1751 vecti

253 1771 289 1818 dis
299 1773 379 1819 sedem
388 1772 500 1828 exiguam
511 1773 597 1827 patriis
607 1772 713 1827 litusque
722 1786 838 1827 rogamus

206 1862 243 1898 230
252 1841 382 1887 innocuum
400 1841 425 1887 et
439 1841 533 1888 cunetis
547 1841 684 1896 undamque
698 1855 831 1895 auramque
848 1843 933 1898 paten-

308 1910 366 1955 tem.

252 1978 308 2025 Non
319 1977 408 2023 erimus
419 1992 494 2033 regno
503 1977 634 2034 indecores,
644 1994 689 2025 nec
699 1980 783 2026 vestra
792 1978 890 2028 feretur

252 2045 319 2093 fama
329 2046 389 2093 levis
398 2047 508 2101 tantique
518 2047 638 2094 abolescet
647 2047 729 2103 gratia
738 2047 807 2104 facti,

251 2131 297 2162 nec
307 2116 408 2162 Troiam
417 2115 536 2161 Ausonios
546 2115 638 2172 gremio
647 2116 768 2171 excepisse
778 2115 882 2172 pigebit.

252 2184 317 2230 Fata
327 2200 371 2239 per
380 2183 477 2230 Aeneae
487 2183 540 2229 iuro
550 2183 707 2239 dextramque
717 2186 854 2241 potentem,

252 2252 302 2299 sive
312 2252 359 2299 fide
369 2266 412 2298 seu
421 2251 474 2306 quis
484 2251 546 2297 bello
557 2252 594 2297 est
604 2254 718 2306 expertus
728 2253 754 2298 et
763 2251 841 2299 armis
851 2272 857 2300 ι

253 2320 325 2367 multi
334 2335 377 2367 nos
388 2319 478 2375 populi,
490 2319 581 2365 multae
592 2319 630 2375 (ne
640 2320 729 2376 temne,
740 2319 804 2374 quod
814 2319 885 2368 ultro

252 2389 412 2443 praeterimus
422 2386 532 2435 manibus
542 2387 617 2433 vittas
627 2402 655 2434 ac
665 2387 739 2434 verba
749 2390 889 2446 precantia)

492 2460 534 2506 ’111Ι
554 2481 570 2505 a.
579 2471 592 2506 1.
602 2471 681 2505 ‘aseae

300 2523 308 2569 (
318 2536 353 2571 274
363 2524 371 2569 )
