1972 3164
369 324 391 362 Ρ.
404 321 524 362 vanem
537 320 665 362 morus

179 437 267 479 perque
277 420 366 477 hostes,
376 418 479 475 pertale
488 419 538 466 ruit
548 419 713 473 maestamque
723 431 829 464 sororem

179 490 267 538 deserit
277 505 305 536 ac
315 488 400 544 rapido
409 503 482 534 cursu
491 487 570 534 media
579 486 677 543 agmina
686 485 789 540 rumpit.

181 560 218 606 Ac
227 557 304 604 veluti
313 557 402 603 montis
413 571 498 603 saxum
508 555 538 602 dc
547 554 638 602 vertice
647 569 766 610 praeceps

182 642 238 674 cum
247 626 298 673 ruit
308 624 420 672 avulsum
429 625 511 680 vento,
522 639 565 670 seu
573 622 686 670 turbidus
696 622 775 670 imber

181 695 273 752 proluit
283 695 326 740 aut
337 693 406 739 annis
417 692 488 739 solvit
498 692 612 746 sublapsa
621 692 743 747 vetustas,

181 764 261 811 fertur
268 763 294 808 in
304 761 435 816 abruptum
445 775 534 818 magno
544 775 612 807 mous
622 758 748 814 improbus
758 763 816 808 actu

181 831 334 886 exsultatque
344 828 403 885 solo,
414 828 487 874 silvas
496 829 608 875 armenta
617 826 729 883 virosque

181 898 306 946 involvens
316 912 410 944 secum:
425 895 525 943 disiecta
534 911 577 951 per
587 895 686 952 agmina
696 896 797 942 Turnus

136 971 173 1018 690
185 967 220 1014 sic
229 966 296 1012 urbis
306 965 357 1011 ruit
366 963 397 1010 ad
406 979 497 1020 muros,
507 963 549 1010 ubi
559 963 663 1018 plurima
672 963 729 1010 tusc

183 1034 301 1090 sanguine
308 1032 464 1080 terramadet
475 1031 627 1086 striduntque
637 1031 768 1079 hastilibus
778 1047 860 1087 aurae,

183 1102 351 1160 significatque
361 1115 437 1146 manu
446 1102 472 1146 et
481 1114 570 1156 magno
580 1099 651 1146 simul
662 1099 750 1155 incipit
760 1115 814 1164 ore:

185 1169 297 1216 ‘Parcite
307 1168 364 1224 iam,
375 1166 471 1223 Rutuli,
482 1168 507 1214 et
517 1182 559 1213 vos
569 1167 619 1214 tela
627 1167 744 1225 inhibete,
756 1169 854 1224 Latini3

184 1251 347 1294 quaecumque
353 1237 390 1282 est
399 1236 518 1293 Fortuna,
523 1251 577 1282 mea
583 1238 620 1282 est
629 1255 634 1282 :
648 1251 687 1283 me
693 1238 777 1285 verius
787 1254 862 1285 unum

185 1319 229 1360 pro
238 1304 305 1351 vobis
315 1303 399 1351 foedus
408 1303 475 1351 lucre
485 1306 511 1350 et
521 1304 647 1351 decernere
657 1304 742 1352 ferro?

186 1373 323 1420 Discessere
333 1386 415 1418 omnes
427 1372 499 1418 medii
509 1372 660 1428 spatiumque
670 1371 767 1422 dedere.

215 1440 250 1486 At
260 1441 331 1496 pater
340 1440 444 1498 Aeneas,
455 1441 538 1487 audito
546 1440 641 1487 nomine
651 1441 740 1498 Turni,

186 1509 276 1556 deserit
286 1509 310 1554 ct
320 1522 401 1554 muros
411 1510 436 1555 et
446 1523 551 1555 summas
561 1508 649 1556 deserit
659 1524 737 1566 arces,

189 1577 379 1633 praecipitatque
389 1590 468 1623 morus
477 1592 568 1633 omnes,
579 1592 652 1632 opera
661 1578 744 1625 omnia
753 1578 857 1635 rumpit,

140 1664 177 1700 7co
187 1645 282 1692 laetitia
292 1644 424 1701 exsultans,
435 1645 627 1701 horrendumque
636 1645 735 1693 intonat
745 1648 836 1694 armis:

188 1715 293 1770 quantus
299 1712 437 1768 Athos,aut
445 1717 550 1769 quantus
560 1714 636 1770 Eryx,
644 1716 686 1760 ant
696 1713 749 1769 ipse
759 1716 866 1762 coruscis

189 1799 243 1830 cnm
253 1781 337 1828 fremit
346 1780 439 1827 ilicibus
449 1783 554 1837 quantus
564 1783 700 1837 gaudetque
709 1783 788 1830 nivali

188 1850 279 1897 vertice
289 1864 313 1895 se
323 1848 436 1895 attollens
447 1852 517 1905 pater
526 1850 685 1906 Appenninus
696 1851 728 1897 ad
739 1867 823 1899 auras.

190 1917 242 1962 Iam
253 1932 309 1963 vere
319 1920 344 1963 et
353 1916 439 1963 Rutuli
449 1919 562 1964 certatim
572 1920 596 1965 et
607 1919 681 1965 Troes
690 1920 717 1964 ct
727 1934 814 1966 omncs

190 1986 328 2032 convertere
338 1985 418 2031 oculos
428 1985 494 2041 Itali,
505 1987 592 2041 quique
604 1987 654 2033 alta
663 1988 785 2035 tenebant

190 2051 283 2099 moenia
293 2052 378 2108 quique
387 2052 448 2097 imos
459 2053 589 2108 pulsabant
599 2056 674 2101 ariete
683 2071 778 2113 muros,

191 2136 304 2176 armaque
314 2120 442 2176 deposuere
451 2122 549 2168 umeris.
581 2124 668 2178 Stupet
677 2123 729 2178 ipse
740 2125 848 2172 Latinus

191 2191 301 2249 ingentes
311 2189 405 2246 genitos
415 2189 515 2236 diversis
526 2191 635 2246 partibus
645 2191 711 2237 orbis

191 2260 257 2307 inter
267 2275 291 2306 se
301 2259 382 2306 coiisse
392 2258 456 2305 viros
466 2260 491 2306 et
501 2274 598 2305 eernere
608 2259 681 2305 terro.

145 2349 181 2386 για
193 2327 269 2384 Atqui
278 2328 322 2385 illi,
332 2329 361 2374 ut
370 2343 445 2375 vacuo
455 2327 587 2383 patuerunt
597 2341 698 2381 aequore
709 2329 801 2385 campi,

193 2412 311 2452 procursu
320 2397 412 2453 rapido,
423 2396 537 2442 coniectis
547 2394 639 2442 eminus
649 2395 737 2453 hastis,

192 2465 311 2512 invadunt
321 2466 427 2511 Martem
437 2464 518 2520 clipeis
528 2465 600 2518 atque
610 2478 665 2510 aere
675 2478 773 2511 sonoro.

193 2533 245 2579 Dat
255 2533 371 2592 gemitum
381 2532 453 2579 tellus
463 2551 468 2588 ;
482 2533 535 2578 tum
546 2531 640 2578 crebros
650 2531 747 2578 ensibus
758 2532 827 2579 ictus

194 2601 364 2658 congeminant
373 2621 379 2658 ;
394 2601 444 2648 fors
454 2603 480 2647 et
489 2601 567 2647 virtus
577 2599 709 2646 miscentur
719 2600 745 2646 in
755 2617 844 2648 unum.

241 2668 311 2716 (426)
