1972 3164
295 176 445 219 esenowa
470 179 493 218 11

56 272 122 322 Nam
131 272 212 322 ieiuna
221 270 317 329 quidem
327 271 409 320 clivosi
419 271 503 330 glarea
511 273 575 322 ruris

55 343 98 390 rix
107 342 210 390 humiles
219 343 305 399 apibus
315 343 392 390 casius
401 357 527 399 roremque
536 343 659 390 ministrat
668 363 674 401 3

54 413 81 460 et
91 411 159 460 totus
169 411 253 460 scaber
259 414 284 459 et
293 412 369 468 nigris
378 427 450 458 exesa
456 411 576 468 chelydris

54 483 125 529 crata
133 481 225 539 negant
234 479 293 527 alios
303 495 377 536 aeque
388 480 540 536 serpentibus
549 496 621 537 agros

54 550 151 598 dulcem
160 549 225 596 ferre
235 547 315 596 cibum
324 550 349 596 et
359 564 446 596 curves
456 548 571 604 praebere
580 549 696 597 latebras.

56 619 125 676 Quae
134 619 233 665 tenuem
243 617 341 664 exhalat
354 617 468 664 nebulam
477 617 604 674 fumosque
613 618 731 676 volucres,

54 690 81 735 et
90 686 153 734 bibit
161 701 270 734 umorem
280 687 314 742 et,
324 701 379 733 cum
388 686 450 743 vult,
462 701 492 734 ex
502 701 527 734 se
537 686 591 743 ipsa
599 687 714 746 remittit,

55 769 165 812 quaeque
175 768 219 802 suo
226 769 321 810 semper
329 753 401 800 viridi
410 769 435 801 se
444 754 554 811 gramine
564 755 646 814 vestit,
674 773 676 777 ·

10 845 46 872 no
56 839 102 871 uec
112 823 191 870 scabie
200 825 225 870 et
235 823 300 870 salsa
309 823 384 870 laedit
393 822 501 880 robigine
510 823 612 881 ferrum,

55 891 101 940 illc
109 891 156 938 tibi
163 891 234 939 laetis
243 891 337 939 intexet
346 890 436 938 vitibus
445 891 532 948 ulmos,

55 960 101 1009 illa
110 960 181 1008 ferax
189 959 241 1007 oleo
250 961 296 1017 est,
306 960 373 1006 illum
383 959 505 1016 experiere
514 960 614 1008 colendo

55 1031 82 1078 et
92 1028 189 1077 taonem
199 1028 280 1085 pecori
289 1030 315 1076 et
324 1028 456 1084 patientem
466 1029 569 1087 vomeris
579 1028 645 1076 unci.

55 1096 142 1145 Talem
152 1097 217 1144 dives
228 1099 283 1145 erat
293 1098 377 1154 Capua
387 1099 412 1144 et
421 1097 500 1144 vicina
509 1097 602 1146 Vesevo

54 1181 101 1213 ora
110 1165 167 1224 iugo
176 1166 201 1212 et
210 1165 293 1213 vacuis
303 1165 402 1214 Clanius
412 1181 461 1213 uon
469 1181 560 1224 aequus
570 1167 675 1214 Acerris.

84 1234 158 1281 Nunc
164 1249 332 1290 quoquamque
338 1234 489 1290 modopossis
495 1249 638 1291 cognoscere
644 1235 730 1284 dicam.

55 1303 126 1350 Rara
135 1302 168 1350 sit
178 1317 209 1350 an
219 1317 294 1359 supra
302 1317 393 1350 morem
404 1303 425 1350 si
434 1303 509 1350 densa
517 1303 633 1360 requires,
726 1316 729 1321 ’

55 1371 137 1419 ultera
146 1371 275 1419 fruneutis
285 1371 398 1427 quoniam
407 1370 483 1427 favet,
493 1370 573 1417 altera
581 1371 686 1428 Baccho,

56 1440 134 1488 densa
143 1439 220 1498 magis
231 1439 321 1496 Cereri,
331 1439 455 1486 rarissimu
465 1454 571 1495 quaeque
581 1439 675 1495 Lyaeo:

10 1534 46 1572 23⁰
57 1509 117 1556 ante
126 1508 205 1556 locum
215 1507 293 1564 capies
302 1508 386 1565 oculis,
396 1508 492 1564 alteque
500 1507 592 1555 iubebis

56 1578 83 1625 in
93 1576 169 1625 solido
177 1578 277 1634 puteum
288 1576 391 1634 demitti,
402 1592 542 1633 omnemque
552 1591 653 1633 repones

55 1661 142 1694 rursus
147 1645 247 1692 humum
252 1647 277 1693 et
283 1645 383 1702 pedibus
387 1660 493 1694 summas
498 1645 611 1702 aequabis
618 1645 730 1694 harenas.

56 1714 84 1762 si
94 1714 204 1771 deerunt,
215 1730 299 1761 rarum
309 1713 435 1770 pecorique
444 1715 469 1761 et
479 1714 569 1761 ritibus
579 1714 648 1762 almis

55 1782 139 1839 aptius
148 1782 209 1830 uber
217 1783 279 1840 erit3
294 1783 331 1830 siu
340 1783 367 1829 in
376 1798 421 1830 sua
430 1797 498 1839 posse
507 1784 632 1840 negabunt

55 1851 93 1898 ire
102 1849 156 1897 locs
164 1852 190 1898 et
200 1850 324 1898 scrobibus
334 1851 457 1906 superabit
466 1852 534 1898 terra
542 1851 650 1908 repletis,

55 1918 149 1975 spissus
158 1934 217 1976 eger
226 1939 232 1967 ε
246 1919 343 1976 glaebss
353 1920 496 1967 cunctantes
507 1935 634 1976 crassaque
643 1921 715 1976 terga

55 1989 171 2044 exspecta
180 1989 206 2035 st
215 1987 301 2035 validis
310 1989 401 2035 terram
411 1987 536 2044 proscinde
545 1988 659 2035 iuvencis.

57 2055 129 2104 Salsu
138 2058 220 2104 autem
229 2056 303 2104 tellus
313 2057 338 2104 et
348 2071 408 2112 quae
419 2056 558 2112 perhibetur
567 2072 652 2103 amara

57 2124 180 2183 (frugibus
189 2125 274 2172 infelix
283 2141 320 2182 ea,
330 2141 375 2172 nec
385 2125 531 2172 mansuescit
540 2125 639 2181 arando,

11 2216 46 2255 ιφ
57 2209 103 2242 uec
113 2194 210 2241 Baccho
219 2209 295 2250 genus
305 2195 349 2240 aut
359 2193 435 2249 pomis
445 2209 489 2240 sua
498 2193 596 2240 nomina
605 2193 704 2248 servat),

56 2261 108 2310 suls
117 2261 185 2309 dabit
194 2262 314 2318 specimen
323 2283 328 2310 :
343 2263 372 2308 tu
382 2263 458 2318 spisso
467 2261 555 2308 vimine
564 2261 648 2316 qualos

56 2330 156 2386 colaque
166 2329 288 2386 prelorum
297 2329 397 2376 fumosis
407 2329 488 2385 deripe
498 2329 569 2376 tectis
577 2347 583 2385 ;

56 2399 106 2447 buc
115 2412 175 2457 agn·
183 2398 224 2447 ille
233 2398 312 2447 malus
321 2398 449 2454 dulcesque
458 2412 474 2444 a
483 2396 591 2444 fontibus
601 2395 680 2442 nudus

305 2486 341 2519 w.
362 2481 486 2518 nt‘olese!

105 2535 165 2586 (⁶³)
