1972 3164
366 178 389 217 P.
401 175 522 217 vultam
534 175 662 217 uaaoms

177 293 243 326 nuuc
252 276 347 325 addat!
376 276 457 323 Voveo
466 274 592 332 praedonis
602 287 700 329 corpore
708 272 786 329 raptis

178 346 293 393 indutum
302 343 385 401 spoliis
393 344 472 400 ipsum
481 345 515 401 te,
526 343 613 400 Iause,
623 343 750 397 tropaeum

180 413 295 461 Aeneae!
325 412 404 469 Dixit,
414 412 604 467 stridentemque
613 410 707 457 eminus
716 410 812 458 hastam

179 482 238 530 iecit
245 501 252 539 ;
259 482 295 551 §i
303 479 346 528 ills
354 479 437 527 volans
447 480 523 536 clipeo
532 481 569 528 est
577 495 686 537 excussa,
697 479 827 537 proculque

180 550 304 608 egregium
313 549 424 596 Antoren
433 547 498 595 latus
507 548 573 595 inter
581 549 607 595 et
616 548 659 594 ilia
667 548 730 605 figit,

181 616 296 666 Herculis
304 617 416 663 Antoren
425 616 545 672 comitem,
556 617 597 672 qui
607 617 694 663 missus
704 616 735 663 ab
745 616 818 673 Argia

133 693 172 742 7⁸⁰
180 685 293 733 haerent
301 683 417 731 Evandro
427 685 500 740 atque
509 684 576 731 Itala
585 684 727 732 consederat
737 686 805 735 urbe.

181 751 304 801 sternent
312 751 398 799 infelix
407 751 486 799 alieno
494 752 603 811 vulnere,
614 752 755 809 caelumque

179 819 266 877 aspicit
275 821 301 867 ct
309 819 392 867 dulces
401 820 506 868 moriens
516 821 682 868 reminiscitur
690 821 778 878 Argos.

180 888 245 935 'lum
255 886 311 943 pius
319 886 415 935 Aeneoe
424 888 522 934 hastam
531 888 590 936 iacit
599 909 605 937 z
619 889 663 936 illa
673 905 716 945 per
725 890 808 937 orbem

180 969 236 1004 aare
245 969 332 1003 cavum
340 955 439 1012 triplici,
449 971 493 1012 per
502 956 567 1005 linea
575 959 649 1016 terga
657 958 783 1014 tribusque

180 1023 279 1071 transfit
288 1023 409 1071 intextum
417 1024 496 1071 tauris
506 1040 575 1082 opus,
586 1026 682 1082 imaque
692 1027 755 1074 sedit

181 1092 289 1151 inguim,
298 1093 341 1140 sed
349 1093 412 1140 vires
421 1092 487 1141 baud
496 1092 607 1149 pertulit.
637 1095 710 1142 Ocius
719 1111 802 1143 ensem

182 1162 286 1219 Aenean
295 1162 348 1210 viso
356 1161 477 1219 Tyrrheni
486 1162 604 1220 sanquine
613 1162 701 1220 laetus,

183 1230 256 1287 eripit
264 1246 281 1278 a
288 1230 378 1278 femine
387 1232 414 1279 et
422 1231 555 1287 trepidanti
564 1231 671 1278 fervidus
680 1231 766 1280 instat.

183 1299 308 1356 Ingemuit
317 1300 368 1348 cari
376 1299 484 1356 graviter
492 1299 608 1357 genitoris
617 1314 706 1357 amore,

135 1386 173 1425 7⁹⁰
183 1367 292 1424 stridit,
302 1368 406 1425 Iausus,
415 1367 575 1424 lacrimaeque
585 1383 629 1425 per
641 1383 685 1415 ora
694 1368 800 1416 volutae.

183 1434 233 1483 Hic
242 1436 328 1483 mortis
337 1437 412 1485 durae
421 1452 505 1484 casum
514 1439 604 1492 tuaque
614 1436 706 1492 optima
715 1437 791 1493 tacta,

183 1502 262 1559 siqua
271 1503 344 1552 fidem
354 1505 426 1552 tanto
435 1506 473 1552 est
483 1504 549 1560 operi
558 1505 640 1573 latura
649 1506 767 1562 vetustas,

182 1585 231 1617 non
240 1572 351 1628 equidem
360 1588 405 1622 nec
414 1573 448 1630 te,
458 1572 551 1620 iuvenis
560 1574 721 1630 memorande,
732 1573 814 1620 silebo.

181 1639 227 1687 Ille
237 1640 322 1696 pedem
331 1641 440 1690 reterens
449 1642 475 1689 et
484 1641 578 1688 inutilis
587 1641 659 1697 inque
668 1641 758 1696 ligatus

182 1707 291 1766 cedebat,
302 1709 425 1766 clipeoque
434 1708 557 1756 inimicum
566 1709 653 1756 hastile
662 1709 776 1755 trahebat
787 1730 792 1755 ι

181 1777 294 1834 prorupit
303 1777 397 1825 iuvenis
406 1792 504 1833 seseque
513 1777 643 1824 immiscuit
651 1777 733 1833 armis,

180 1845 276 1902 iamque
285 1845 435 1903 assurgentia
444 1845 531 1893 dextra
540 1845 681 1902 plagamque
691 1844 792 1891 terentis

181 1913 278 1962 Aeneae
288 1913 362 1961 subiit
371 1928 519 1970 mucronem,
529 1912 653 1969 ipsumque
663 1913 791 1960 morando'

181 1981 306 2030 sustinuit.
336 1981 400 2029 Socii
409 1996 497 2038 magno
507 1980 609 2028 clamore
619 1981 759 2036 sequuntur,

133 2060 170 2098 800
181 2052 239 2098 dum
248 2049 345 2107 genitor
354 2049 407 2096 nati
416 2064 503 2106 parma
512 2050 635 2105 protectus
645 2048 731 2104 abiret,

179 2119 276 2174 telaque
286 2117 417 2166 conficiunt
427 2116 618 2174 proturbantque
628 2117 721 2163 eminus
731 2116 827 2164 hostem

179 2185 317 2233 missilibus.
347 2185 420 2232 Furit
430 2186 525 2233 Aeneas
534 2187 660 2240 tectusque
670 2186 739 2232 tenet
749 2200 783 2232 se.

178 2254 216 2302 Ac
225 2253 294 2301 velut
303 2253 381 2300 effusa
391 2253 412 2300 si
421 2252 518 2309 quando
526 2253 646 2310 grandine
656 2253 733 2300 nimbi

177 2321 347 2377 praecipitent,
358 2321 435 2367 omnis
445 2321 536 2377 campis
546 2321 645 2377 diffugit
656 2323 748 2378 arator,

176 2389 254 2435 omnis
264 2390 290 2435 et
299 2389 413 2445 agricola,
424 2391 450 2436 et
459 2390 516 2436 tuta
525 2388 587 2436 latet
596 2404 653 2436 arce
662 2390 750 2446 viator,

175 2457 220 2501 ant
229 2455 307 2502 amnis
317 2456 377 2512 ripis
387 2458 431 2504 aut
441 2456 487 2504 alti
496 2457 588 2506 fornice
598 2457 660 2513 saxi,

223 2521 232 2569 (
241 2523 294 2570 370)
