1972 3164
20 39 977 66 ——————-—-————

447 240 469 277 P.
482 237 602 278 VERGILI
615 237 744 278 MARONIS

256 335 385 382 includunt
394 351 464 383 caeco
473 336 552 393 lateri,
563 336 705 392 penitusque
716 351 832 383 cavernas

222 424 247 449 20
257 404 367 460 ingentes
377 405 520 460 uterumque
529 407 625 452 armato
633 405 710 452 milite
720 403 849 459 complent.

289 472 294 494 ‘
304 474 350 520 Est
359 473 385 519 in
395 474 524 528 conspectu
534 472 651 529 Tenedos,
662 473 788 520 notissima
797 472 865 519 fama

258 541 345 597 insula,
356 541 421 588 dives
431 556 511 598 opum,
523 541 614 588 Priami
623 542 682 588 dum
691 556 768 600 regna
777 541 919 598 manebant,

259 625 323 657 nunc
333 610 431 655 tantum
441 609 506 655 sinus
517 610 542 656 et
552 610 626 656 statio
634 608 697 655 male
707 610 756 656 fida
766 610 853 656 carinis
863 630 869 657 ι

259 678 307 725 huc
317 693 342 724 se
352 677 460 733 provecti
470 677 565 724 deserto
573 677 600 724 in
609 677 680 725 litore
690 677 807 726 condunt.

257 746 308 792 Nos
318 745 404 792 abiisse
413 745 466 790 rati
475 746 502 792 et
511 747 585 792 vento
595 745 693 801 petiisse
703 745 819 801 Mycenae
828 766 834 792 ι

259 829 317 870 ergo
326 813 402 860 omnis
412 813 483 869 longo
492 813 564 861 solvit
574 829 599 861 se
609 813 712 861 Teucria
720 813 797 870 luctu,

259 882 401 937 panduntur
410 883 502 938 portae,
512 881 581 928 iuvet
590 881 626 928 ire
635 884 660 929 et
670 882 761 928 Dorica
770 882 852 928 castra

260 951 411 1005 desertosque
421 949 502 996 videre
511 949 576 996 locos
585 949 691 1005 litusque
701 950 821 997 relictum.

260 1019 309 1064 Hic
316 1018 437 1073 Dolopum
446 1034 541 1075 manus,
552 1018 590 1066 hic
600 1033 685 1065 saevus
695 1019 810 1066 tendebat
820 1017 935 1075 Achilles,

225 1104 249 1140 30
261 1086 376 1134 classibus
385 1087 424 1134 hio
433 1086 507 1142 locus,
518 1086 557 1134 hic
567 1087 617 1134 acie
627 1089 720 1134 certare
730 1087 847 1133 solebant.

261 1155 322 1202 Pars
331 1154 413 1209 stupet
422 1154 539 1209 innuptae
549 1155 638 1201 donum
648 1154 744 1202 exitiale
754 1155 887 1211 Minervae,

261 1225 286 1270 et
296 1222 382 1269 molem
393 1222 514 1269 mirantur
523 1222 591 1279 equi;
606 1222 745 1278 primusque
756 1223 900 1283 Thymoetes

261 1291 317 1347 duci
326 1291 393 1337 intra
402 1305 483 1336 muros
492 1290 607 1337 hortatur
615 1293 640 1338 et
650 1307 705 1342 arca
715 1291 798 1349 locari,

262 1359 312 1407 sive
322 1359 376 1406 dolo
385 1374 427 1406 seu
435 1358 484 1405 iam
495 1358 581 1406 Troiae
591 1359 625 1406 sic
634 1359 688 1406 fata
697 1359 816 1407 terebant.

262 1428 298 1474 At
308 1429 396 1484 Capys,
407 1428 432 1473 et
442 1441 543 1483 qnorum
553 1427 638 1474 melior
647 1427 768 1474 sententia
777 1427 861 1484 menti,
926 1424 929 1428 ’

263 1497 306 1543 aut
316 1496 401 1552 pelago
410 1495 524 1541 Danaum
533 1494 632 1541 insidias
642 1496 799 1551 suspectaque
809 1494 873 1541 dona

263 1564 422 1620 praecipitare
431 1563 515 1610 iubent
525 1563 684 1618 subiectisque
694 1578 764 1610 urere
774 1562 885 1619 flammis,

263 1635 307 1678 aut
316 1632 438 1678 terebrare
448 1646 519 1678 cavas
529 1631 594 1678 uteri
603 1633 628 1678 et
637 1631 757 1686 temptare
766 1631 880 1678 latebras.

265 1700 388 1747 Scinditur
397 1700 516 1746 incertum
527 1699 609 1746 studia
617 1699 643 1746 in
654 1699 776 1746 contraria
784 1699 880 1756 vulgus.

227 1787 252 1822 40
294 1767 937 1824 ‘Primusibicnteomnes,magnaoomitautecaterva‚

264 1838 374 1887 Laocoon
385 1837 471 1883 ardens
481 1851 576 1883 summa
585 1836 692 1883 documii
701 1836 732 1882 ab
742 1851 805 1893 arce,

264 1906 289 1952 at
299 1905 383 1961 procul
393 1904 438 1952 “O
449 1905 537 1962 miseri,
548 1920 608 1960 quae
618 1906 690 1951 tanta
699 1904 801 1961 insania,
812 1904 893 1952 cives?

264 1975 362 2023 creditis
372 1977 468 2022 avectos
478 1975 560 2022 hostes
571 1976 615 2021 aut
624 1975 675 2021 ulla
684 1974 777 2030 putatis

265 2045 328 2091 dona
337 2059 419 2090 carere
429 2043 490 2090 dolis
500 2043 632 2090 Danaum?
644 2043 678 2090 sic
688 2044 760 2089 notus
770 2042 871 2090 Ulixes?

264 2114 308 2159 aut
317 2113 362 2159 hoc
371 2112 457 2159 inclusi
466 2112 531 2168 ligno
541 2112 695 2158 occultantur
704 2111 799 2167 Achivi,

265 2183 308 2227 aut
318 2180 377 2227 haec
386 2180 412 2226 in
422 2181 516 2226 nostros
526 2179 647 2226 fabricata
655 2180 693 2225 est
702 2179 814 2225 machina
823 2194 906 2225 muros

264 2249 403 2304 inspectura
413 2249 495 2295 domos
502 2249 652 2302 venturaque
662 2247 764 2302 desuper
773 2247 836 2303 urbi,

265 2318 309 2364 aut
319 2317 403 2372 aliquia
413 2316 475 2363 latet
486 2330 568 2362 error:
582 2331 643 2370 equo
653 2330 684 2361 na
694 2315 792 2370 credite,
804 2315 906 2362 Teucri:

266 2385 381 2441 quidquid
390 2384 415 2431 id
425 2386 471 2440 est,
482 2384 557 2430 timeo
570 2384 669 2431 Danaos
680 2385 705 2430 et
715 2383 778 2429 dona
787 2383 920 2430 ferentes.”

232 2469 256 2506 50
268 2455 307 2501 Sic
317 2454 384 2501 fatus
394 2453 479 2499 validis
488 2453 611 2508 ingentem
621 2451 714 2498 viribus
723 2451 820 2498 hastam

266 2522 367 2570 inlatus
376 2522 448 2578 inque
457 2520 504 2568 ieri
514 2535 614 2568 curvam
624 2519 780 2576 compagibus
790 2517 873 2565 alvum

315 2590 385 2641 (138)
