1972 3164
367 173 389 212 P.
403 173 523 212 vasam
535 173 664 214 Maaoms

178 268 262 316 edocet
271 270 296 316 et
306 285 367 326 quae
380 286 445 318 nuuc
455 271 535 318 auimo
545 271 666 319 sententia
675 273 778 321 constet.

179 337 254 385 Haud
264 353 332 385 mora
341 339 452 396 consiliis,
463 354 507 387 nee
517 340 583 386 iussa
591 342 688 388 recusat
698 342 808 390 Acestes.

131 416 168 455 75ο
179 406 356 454 transcribunt
365 407 420 454 urbi
428 411 519 456 matres
528 409 690 465 populumque
699 411 821 458 volentem

179 475 310 532 deponunt,
325 476 416 522 animos
426 476 461 522 nil
471 492 574 535 maguae
584 477 662 524 laudis
672 481 780 537 egentes.

179 543 230 598 Ipsi
239 545 349 590 transtra
357 546 450 591 novant
459 545 608 600 flammisque
618 545 716 593 ambesa
725 549 847 603 reponunt

178 611 265 659 robora
272 612 383 670 navigiis,
394 615 482 668 aptant
492 629 616 669 remosque
626 615 797 673 rudentesque,
828 624 831 631 ⁴

178 680 258 736 exigui
267 695 376 737 numero,
387 682 429 728 sed
438 681 501 728 bello
510 682 592 729 vivida
600 683 688 730 virtus.

179 748 276 796 Interea
285 749 380 796 Aeneas
390 749 475 796 urbem
485 751 595 806 designat
605 754 689 798 aratro

177 817 326 872 sortiturque
336 817 418 864 domos
427 837 433 874 ;
448 819 492 865 hoc
500 819 573 865 Ilium
583 821 607 866 et
617 819 677 868 haec
686 820 741 868 loca
749 821 848 869 Troiam

177 900 229 932 esse
238 885 313 933 iubet.
344 886 440 933 Gaudet
450 902 526 943 regno
536 888 655 934 lroiauus
665 888 775 946 Acestes,

177 953 307 1009 indicimus
316 954 397 1001 forum
407 957 432 1002 et
442 955 552 1011 patribus
562 956 605 1002 dat
614 956 669 1003 iura
678 959 779 1006 vocatis.
828 985 830 991 ε

179 1021 242 1069 Tum
251 1021 330 1069 vicina
339 1023 412 1070 astris
423 1023 528 1080 Erycino
536 1023 562 1070 in
572 1025 662 1071 vertice
672 1025 750 1072 sedes

131 1096 168 1144 7⁶⁰
178 1090 298 1137 fundatur
306 1090 396 1138 Veneri
405 1092 505 1149 Idaliae,
516 1093 656 1148 tumuloque
665 1095 778 1142 sacerdos

178 1174 207 1206 ac
216 1158 285 1206 lucus
294 1159 344 1207 late
354 1175 422 1207 sacer
431 1161 529 1207 additur
538 1161 666 1209 Anchiseo.

153 1252 158 1257 ·
207 1227 307 1283 Iamque
317 1228 367 1275 dies
378 1229 478 1284 epulata
486 1245 573 1277 novem
582 1244 641 1286 gens
651 1231 738 1288 omnis,
749 1232 774 1278 et
784 1232 833 1279 aris

179 1298 260 1344 factus
269 1296 358 1344 honest
376 1297 463 1352 placidi
473 1299 613 1345 straverunt
622 1314 727 1354 aequora
737 1299 812 1356 venti,

180 1364 296 1412 creberet
305 1365 415 1422 aspirans
424 1380 508 1412 rursus
518 1367 589 1413 vocat
598 1367 691 1414 Auster
700 1367 726 1413 in
736 1367 824 1415 altum.

180 1434 297 1480 Exoritur
306 1449 426 1490 procurva
434 1434 520 1490 iugens
529 1450 573 1490 per
582 1434 656 1482 litora
666 1435 737 1481 fletus
745 1454 752 1491 ;

181 1501 298 1557 complexi
307 1502 372 1548 inter
382 1517 406 1550 se
416 1505 557 1557 maciemque
568 1501 677 1557 diemque
687 1504 828 1550 morantur*

181 1570 252 1625 Ipsae
261 1570 311 1617 iam
319 1572 420 1627 matres,
430 1571 485 1627 ipsi,
495 1570 580 1626 quibus
591 1586 677 1626 aspera
686 1571 808 1626 quondam

181 1638 233 1684 visa
243 1639 317 1685 maris
326 1639 400 1685 facies
410 1641 436 1686 et
445 1655 493 1686 uon
503 1639 627 1686 tolerabile
637 1654 733 1695 nomeu,

181 1706 216 1752 ire
226 1707 311 1753 volunt
321 1723 461 1763 omnemque
471 1708 544 1763 fugae
554 1707 661 1763 perferre
671 1707 787 1755 laborem.

133 1795 170 1831 770
182 1774 246 1830 Quos
256 1775 333 1822 bouus
343 1777 437 1823 Aeneas
448 1777 517 1823 dietis
528 1776 620 1823 solatur
629 1776 712 1823 amicis

181 1845 206 1888 ct
216 1844 393 1901 consanguineo
403 1844 532 1890 lacrimans
542 1844 694 1890 commendat
704 1843 816 1890 Acestae.

181 1911 241 1957 Tres
252 1911 327 1967 Eryci
335 1911 424 1957 vitulos
434 1914 460 1959 et
471 1911 665 1966 Tempestatibus
675 1925 765 1966 agnam
824 1952 827 1956 Α

181 1978 279 2026 caedere
290 1978 375 2025 deinde
384 1979 451 2026 iubet
461 1979 565 2034 solvique
575 1994 605 2026 ex
615 1979 697 2026 ordine
707 1978 800 2025 funem.
823 2007 826 2012 ·

181 2047 237 2104 Ipse
247 2049 320 2103 caput
330 2049 414 2094 tonsae
424 2047 487 2094 loliis
497 2047 605 2093 evinctus
616 2047 700 2103 olivae,

183 2119 250 2165 stans
259 2116 343 2172 procul
352 2116 378 2162 iu
387 2131 460 2172 prora
469 2118 579 2170 pateram
589 2116 666 2171 tenet,
673 2116 777 2169 extaque
787 2113 865 2160 salsos

183 2185 269 2242 proicit
277 2184 303 2230 iu
313 2184 400 2231 fluetus
410 2199 439 2230 ac
448 2183 505 2230 vina
514 2182 631 2238 liquentia
639 2182 729 2230 fundit.

183 2252 336 2310 prosequitur
345 2267 445 2309 surgens
455 2267 471 2297 a
480 2251 555 2306 puppi
563 2251 650 2296 ventus
664 2251 749 2296 euntes
760 2269 766 2297 r

184 2321 294 2369 certatim
305 2320 362 2367 socii
371 2320 463 2366 feriunt
472 2334 538 2365 mare
548 2320 573 2365 et
583 2333 687 2373 aequora
695 2319 806 2365 verrunt.

212 2390 247 2436 At
256 2391 339 2437 Venus
348 2389 442 2436 interea
451 2387 594 2442 Neptunum
604 2387 711 2432 exercita
720 2386 786 2432 curis

135 2469 173 2516 780
184 2457 316 2511 alloquitur
324 2456 432 2511 talesque
442 2455 546 2502 effundit
556 2456 652 2510 pectore
662 2455 762 2508 questus
773 2474 779 2500 z

233 2523 286 2571 (234
296 2523 304 2570 )
