1972 3164
433 160 455 199 P.
468 159 588 200 VERGILI
601 161 730 203 MARONIS

243 255 430 313 Dulichiumque
436 257 553 314 Sameque
562 260 588 305 et
597 259 694 307 Neritos
704 260 781 308 ardua
790 262 863 310 sexis.

243 324 383 382 Effugimus
393 325 501 382 scopulos
512 325 620 384 Ithacae,
631 326 730 374 Laertia
739 344 824 387 regna,

243 394 270 440 et
279 394 370 440 terram
380 394 490 442 altricem
499 394 564 442 saevi
574 410 727 443 exsecramur
736 396 812 445 Ulixi.

244 461 305 508 Mox
314 463 339 509 ct
349 463 470 510 Leucatae
480 463 589 510 nimbosa
598 465 724 511 cacumina
733 465 823 512 montis

244 531 270 577 et
279 529 423 578 formidatus
433 530 514 578 nautis
524 532 634 587 aperitur
643 532 738 588 Apollo.

244 598 319 646 Hunc
328 599 432 654 petimus
442 598 500 646 fessi
509 600 534 646 et
544 615 634 655 parvae
644 601 793 648 succedimus
802 601 858 650 urbi
866 623 873 661 ;

243 681 332 713 ancora
341 666 370 713 de
380 681 453 722 prora
461 667 557 724 iacitur,
568 669 636 715 stant
645 668 716 715 litore
725 684 825 725 puppes.

273 733 357 792 ‘Ergo
365 735 490 790 insperata
496 736 596 782 tandem
606 735 694 783 tellure
704 737 776 792 potiti

242 801 424 858 lustramurque
434 803 486 849 Iovi
495 803 603 859 votisque
612 804 762 851 incendimus
771 820 836 865 aras,

195 877 233 916 280
244 870 362 927 Actiaque
372 871 453 920 Iliacis
462 872 610 919 celebramus
619 872 693 920 litora
701 873 773 920 ludis.

244 938 366 987 Exercent
375 940 468 995 patrias
478 941 530 987 oleo
538 940 634 988 labente
645 941 780 997 palaestras

243 1007 330 1055 nudati
338 1008 403 1065 socii,
414 1009 483 1056 iuvat
492 1009 595 1056 evasisse
604 1010 642 1056 tot
651 1009 723 1057 urbes
736 1049 740 1056 .

243 1076 370 1133 Argolicas
380 1077 518 1133 mediosque
527 1076 612 1134 fugam
621 1077 727 1125 tenuisse
737 1091 782 1133 per
793 1077 881 1126 hostes.

244 1144 342 1192 Interea
352 1160 467 1202 magnum
477 1145 512 1193 sol
522 1145 719 1192 circumvolvitur
728 1161 828 1203 annum,

243 1213 270 1260 et
279 1212 385 1270 glacialis
395 1213 488 1268 hiemps
497 1213 655 1268 Aquilonibus
665 1216 764 1271 asperat
772 1215 864 1262 undas:

244 1296 299 1329 aere
309 1296 368 1329 cavo
377 1281 488 1338 clipeum,
499 1282 581 1338 magni
590 1284 715 1338 gestamen
724 1282 837 1341 Abantis,

244 1349 352 1405 postibus
362 1349 468 1397 adversis
477 1349 525 1407 figo
534 1351 559 1396 et
568 1365 619 1397 rem
629 1350 735 1398 carmine
745 1351 814 1408 signo

244 1417 376 1465 “annnss
386 1429 461 1466 nnnc
471 1430 507 1464 nn
519 1419 919 1468 nsnn1smcron1aussnnn.”

244 1485 364 1542 Linquere
372 1488 426 1532 tum
435 1488 520 1542 portus
529 1486 599 1533 iubeo
608 1487 634 1533 et
643 1486 766 1534 considere
774 1488 899 1537 transtris.

195 1572 233 1610 290
245 1553 364 1600 Certatim
374 1554 432 1613 socii
440 1553 532 1601 feriunt
542 1569 609 1601 mare
618 1555 643 1601 et
652 1569 757 1610 aequora
765 1557 876 1603 verrunt.

244 1621 360 1686 Pretium
369 1622 446 1669 adrias
457 1623 593 1669 Phaeacum
603 1622 770 1670 abscondimus
780 1638 857 1681 arces,

242 1689 361 1745 litoraque
372 1690 442 1746 Epiri
451 1690 552 1747 legimus
562 1692 681 1746 portuque
691 1690 799 1737 subimus

244 1757 352 1805 (lhaonio
362 1759 387 1805 et
397 1759 485 1806 celsam
494 1758 612 1806 Buthroti
621 1759 756 1806 accedimus
765 1758 859 1806 urbem.

272 1826 320 1875 Hic
329 1826 476 1874 incredibilis
485 1841 567 1874 rerum
576 1827 644 1874 fama
653 1828 756 1882 occupat
766 1842 847 1884 aures,

244 1894 383 1942 Priamiden
392 1894 514 1942 Helenum
524 1895 610 1942 Graias
620 1910 722 1951 regnare
732 1910 776 1950 per
784 1895 865 1952 urbes,

244 1963 355 2020 coniugio
364 1963 484 2010 Aeacidae
494 1963 583 2019 Pyrrhi
593 1962 740 2019 sceptrisque
750 1963 865 2020 potitum,

243 2032 269 2078 et
278 2031 359 2087 patrio
368 2031 553 2079 Andromachen
562 2032 652 2078 iterum
662 2031 759 2078 cessisse
768 2031 865 2080 marito.

244 2100 372 2157 Obstupui,
383 2100 489 2156 miroque
498 2099 622 2146 incensum
632 2101 716 2155 pectus
726 2113 808 2146 amore

244 2168 386 2224 compellare
395 2167 474 2214 virum
482 2168 507 2214 et
517 2182 586 2214 casus
596 2182 737 2225 cognoscere
747 2169 838 2214 tantos.

196 2259 233 2296 30⁰
245 2237 388 2294 Progredior
397 2237 471 2292 portu
481 2235 568 2282 classes
578 2236 603 2283 et
613 2236 685 2282 litora
695 2235 813 2291 linquens,

244 2305 369 2353 sollemnes
379 2320 434 2352 cum
444 2304 507 2351 forte
517 2304 590 2359 depes
600 2306 625 2351 et
635 2303 717 2350 tristia
726 2304 789 2351 dona

243 2375 301 2420 ante
311 2373 395 2420 urbem
405 2373 431 2419 in
440 2372 494 2419 luco
503 2371 560 2418 falsi
570 2372 698 2419 Simoentis
708 2371 739 2418 ad
748 2371 838 2418 undam

242 2440 335 2557 libabat
344 2441 418 2557 c)ineri
427 2440 596 2488 Andromache
605 2455 733 2497 manesque
743 2439 845 2488 vocabat

309 2522 343 2558 172
