1972 3164
395 198 506 238 dauers.
534 197 554 236 X

138 292 196 341 dum
205 293 269 350 pluit
278 293 305 340 in
313 294 395 351 terris,
406 296 436 342 ut
446 295 540 350 possint
550 293 600 341 sole
609 293 710 344 reducto

137 377 248 410 exercere
257 361 320 408 diem
333 383 339 409 ε
353 362 388 409 sic
397 361 498 409 obrutus
508 361 615 418 undique
624 361 680 408 telis

138 431 233 477 Aeneas
243 429 331 477 nubem
340 429 406 486 belli,
416 429 474 476 dnm
485 430 584 477 detonet
593 429 680 486 omnis,

93 504 128 543 810
138 497 244 545 sustinet
253 499 278 545 ct
289 499 395 545 Lausum
405 498 536 554 increpitat
546 499 672 554 Lausoque
681 496 804 544 minaturz

139 566 208 623 ‘Quo
218 565 335 614 moriture
345 567 396 614 ruis
406 567 544 623 maioraque
554 567 646 613 viribus
655 566 747 613 audes?

138 635 204 682 fallit
213 637 238 682 te
247 635 374 682 incautum
383 636 460 692 pietas
469 636 531 683 tua!
558 635 610 683 Nec
620 635 699 681 minus
709 633 750 681 ille

139 702 248 750 exsultat
257 703 355 750 demens
364 723 371 761 ;
385 719 471 750 saevae
480 704 575 760 iamque
585 704 659 750 altius
669 704 719 750 irae

139 770 265 818 Dardanio
275 773 380 828 surgunt
390 772 494 829 ductori,
505 774 660 828 extremaque
670 772 750 819 Lauso

139 838 231 886 Parcae
241 839 283 886 fila
291 839 391 896 legunt:
406 840 514 887 validum
523 855 628 896 namque
637 839 714 897 exigit
723 855 805 888 ensem

139 922 183 964 per
192 907 296 954 medium
305 908 401 956 Aeneas
410 909 522 956 iuvenem
532 910 659 964 totumque
669 909 786 956 recondit.

140 976 248 1023 'lhansiit
257 978 283 1024 et
293 993 403 1032 parmam
413 993 505 1034 mucro,
516 977 580 1024 levia
589 992 659 1023 arma
668 977 777 1033 minacis,

139 1045 165 1091 et
174 1045 291 1102 tunicam,
302 1045 369 1092 molli
378 1047 459 1092 mater
468 1061 540 1101 quam
550 1045 651 1091 neverat
661 1059 730 1101 auro,

139 1112 295 1169 implevimus
305 1113 385 1160 sinum
394 1113 494 1171 sanguis
503 1132 510 1169 ;
525 1114 579 1158 tum
589 1113 641 1158 vita
650 1126 694 1166 per
703 1126 776 1157 auras

94 1187 129 1226 320
142 1181 258 1227 concessit
267 1184 360 1228 maesta
369 1181 401 1227 ad
410 1196 493 1227 manes
502 1195 636 1235 corpusque
645 1179 751 1234 reliquit.

141 1248 176 1294 At
185 1263 241 1295 vero
250 1249 279 1294 ut
289 1249 384 1295 vultum
394 1249 455 1294 vidit
465 1247 590 1294 morientis
600 1248 625 1293 et
635 1261 687 1304 ora,

140 1332 183 1363 ora
193 1316 269 1363 modis
279 1315 436 1363 Anchisiades
446 1314 565 1370 pallentia
575 1313 652 1371 miris,

139 1384 260 1443 ingemuit
270 1384 387 1431 miserans
397 1384 504 1440 graviter
513 1383 672 1439 dextramque
681 1383 794 1440 tetendit,

141 1457 167 1500 et
176 1454 282 1500 mentem
293 1452 387 1508 patriae
396 1451 470 1498 subiit
480 1450 579 1507 pietatis
589 1451 677 1507 imago.

142 1522 148 1543 ⁶
158 1522 221 1578 Quid
231 1521 276 1568 tibi
285 1536 359 1578 nunc,
370 1519 505 1567 miserande
518 1535 587 1576 puer,
597 1535 642 1575 pro
651 1519 764 1567 laudibus

198 1590 260 1647 istis,

142 1659 199 1715 quid
209 1659 264 1714 pius
274 1658 369 1705 Aeneas
379 1658 452 1704 tanta
462 1655 530 1704 dabit
540 1656 620 1704 indole
631 1657 731 1713 dignum
741 1659 751 1705 i

142 1728 227 1783 Arma,
238 1727 324 1784 quibus
334 1727 449 1783 laetatus,
460 1725 522 1772 habe
532 1726 584 1783 tua,
595 1728 667 1782 teque
677 1728 806 1782 parentum

143 1796 254 1842 manibus
264 1797 290 1842 et
300 1795 383 1853 cineri,
394 1794 416 1842 si
425 1809 474 1850 qua
482 1797 520 1840 est
530 1809 559 1840 ea
569 1808 636 1850 cura,
646 1793 753 1841 remitto.

144 1865 199 1911 Hoc
208 1866 291 1911 tamen
300 1862 386 1910 infelix
396 1863 508 1909 miseram
518 1861 626 1910 solabere
636 1864 748 1921 mortem,

94 1942 133 1989 830
143 1933 241 1980 Aeneae
251 1932 333 1989 magui
343 1932 430 1979 dextra
439 1931 522 1979 cadis?
552 1931 668 1987 Increpat
675 1931 743 1979 ultro

145 2003 287 2050 cunctantes
297 2002 380 2059 socios,
391 2002 416 2047 et
425 2002 494 2047 terra
503 2000 616 2047 sublevat
623 1999 712 2056 ipsum,

144 2071 261 2127 sauguine
271 2071 412 2125 tumentem
422 2071 531 2123 comptos
541 2069 571 2114 de
581 2082 648 2113 more
657 2066 764 2121 capillos.

174 2140 271 2186 Interea
280 2138 377 2194 genitor
386 2136 495 2183 Tiberini
503 2136 535 2182 ad
545 2135 651 2181 fluminis
660 2134 752 2180 undam

145 2208 246 2256 vulnera
256 2205 363 2253 siccabat
373 2204 487 2262 lymphis,
498 2218 632 2258 corpusque
640 2201 739 2249 levabat

146 2277 240 2325 arboris
251 2273 350 2322 acclinis
359 2276 455 2320 trunco.
484 2271 575 2318 Procul
583 2285 655 2316 aerea
664 2269 738 2315 ramis

147 2345 266 2400 dependet
276 2342 346 2400 galea
355 2342 380 2388 et
390 2343 461 2396 prato
470 2339 556 2397 gravia
565 2353 635 2384 arma
644 2336 778 2392 quiescunt.

148 2414 222 2461 Stant
231 2411 289 2459 lecti
298 2411 389 2458 circum
398 2409 511 2455 iuvenes:
526 2407 578 2462 ipse
587 2420 660 2462 aeger
669 2404 785 2451 anhelans

149 2482 212 2598 colleg⁴
220 2481 296 2597 fov)et,
305 2479 376 2525 fusus
385 2491 516 2534 propexam
525 2475 551 2522 in
560 2476 658 2531 pectore
666 2473 766 2521 barbam
774 2492 781 2527 ς

214 2563 247 2598 371
