1972 3164
304 164 413 204 AENEIS.
438 166 494 206 VIII

55 260 161 308 candidu
170 275 214 317 per
224 260 310 308 silvam
320 277 375 310 eum
385 262 440 309 fetu
449 262 562 311 concolor
571 263 626 312 albo

56 329 187 386 procubuit
196 328 315 385 viridique
325 330 351 377 in
361 330 432 378 litore
442 332 591 387 conspicitur
600 348 642 380 sus
652 353 658 382 ε

57 413 132 454 quem
142 398 196 454 pius
206 398 301 446 Aeneas
311 398 357 444 tibi
366 399 440 457 enim,
450 399 504 458 tibi,
515 401 621 448 maxims
631 403 702 458 Iuno,

58 468 153 514 muetst
163 481 233 514 sucre
242 466 323 514 ferens
333 469 358 515 et
368 483 424 514 eum
433 483 506 525 grege
516 469 582 516 sIstIt
592 469 624 516 sd
634 485 711 517 urum.

61 534 167 591 Thybris
176 550 206 582 ea
215 535 323 593 fluvium,
335 552 406 592 quem
420 536 549 594 longeest,
559 540 631 585 noete
641 539 736 586 tumen·

114 605 164 651 tem

58 672 137 730 leniit,
148 674 173 720 et
183 674 261 721 tacite
271 674 374 721 refluens
382 674 419 721 itu
428 673 538 721 substitIt
547 675 621 732 unda,

59 741 126 788 mitis
135 743 164 788 ut
173 741 199 788 in
206 757 298 790 morem
306 742 387 799 stagni
397 743 552 799 pleoidueque
561 744 657 799 paludis

59 811 181 859 sterneret
191 826 281 866 aequor
290 811 367 867 equis,
378 826 446 858 remo
453 812 483 858 ut
492 811 614 859 luctamen
625 811 728 860 abesset.

22 899 49 936 90
60 879 129 936 Ergo
138 880 186 927 iter
195 880 318 936 inceptum
329 879 436 926 eelerunt
446 895 542 927 rumore
553 880 665 928 seeundo.

59 948 163 996 Labitur
172 950 248 996 uncto
256 947 324 995 vadis
332 948 397 995 abies
407 968 413 995 ε
428 949 551 996 mirentur
559 952 585 995 et
594 949 682 1006 undee,

59 1017 164 1064 miratur
173 1032 258 1064 nemus
268 1016 391 1063 insuetum
400 1016 522 1073 fulgentis
530 1017 601 1074 longe

60 1087 131 1133 soutn
140 1085 219 1132 virum
229 1085 303 1133 fluvio
312 1085 436 1141 pictasque
446 1085 531 1132 innare
541 1086 645 1132 carinas.

61 1153 111 1201 Olli
120 1154 220 1210 remigio
229 1155 372 1209 noctemque
381 1152 491 1208 diemque
501 1153 617 1210 fatigant,

60 1223 86 1270 et
95 1222 180 1280 longos
191 1224 307 1277 superant
317 1222 402 1279 flexus,
412 1222 533 1277 variisque
543 1224 663 1278 teguntur

61 1291 197 1348 arboribus,
205 1290 341 1346 viridesque
349 1293 433 1338 secant
442 1290 538 1348 placido
544 1304 645 1345 aequore
655 1289 736 1336 silves.

62 1359 103 1407 Sol
113 1359 219 1407 medium
228 1359 290 1407 caeli
299 1359 473 1406 oonseendernt
485 1360 570 1416 igneus
579 1358 670 1416 orbem,

62 1444 118 1476 oum
127 1444 209 1475 muros
219 1443 346 1484 urbemque
356 1427 442 1484 procui
451 1443 480 1475 no
489 1443 547 1474 rurs
556 1427 681 1475 domorum

62 1499 129 1544 teoto
137 1496 229 1554 vident,
244 1511 304 1553 quse
314 1512 379 1543 nune
389 1498 501 1543 Romana
511 1495 620 1551 potentia
630 1495 696 1542 eaelo

18 1587 53 1613 ιω
63 1565 191 1622 sequsvit;
206 1567 260 1612 tum
269 1581 308 1612 res
318 1566 401 1622 inopes
412 1565 543 1613 Evandrus
552 1563 666 1611 habebut.

63 1636 137 1684 Oeius
148 1635 280 1682 advertunt
289 1649 374 1690 proras
384 1635 485 1691 urbique
495 1633 667 1690 propinquant.

90 1703 166 1751 Forte
176 1703 214 1751 die
220 1703 359 1750 sollemnem
368 1703 411 1751 illo
420 1718 464 1750 rex
474 1702 551 1749 Areos
561 1701 677 1749 honorem

63 1771 297 1829 Amphitryoniadae
307 1786 395 1827 magno
404 1771 512 1826 divisque
521 1769 617 1817 ierebnt

64 1843 122 1889 unte
131 1840 217 1888 urbem
225 1839 251 1887 in
261 1840 324 1887 luco.
353 1839 436 1886 Palles
446 1839 503 1886 huie
512 1839 575 1885 filius
585 1854 644 1896 uns,

64 1925 115 1958 uns
124 1925 206 1958 omnes
216 1909 331 1956 iuvenum
340 1907 413 1963 primi
420 1922 557 1963 pauperque
568 1909 667 1954 senatus

64 1982 123 2027 tura
133 1977 233 2033 debant,
243 1976 385 2032 tepidusque
395 1991 466 2022 eruor
475 1974 587 2021 inmebet
597 1975 628 2020 ed
637 1989 702 2020 ures.

65 2049 102 2097 Ut
112 2047 188 2094 celsas
195 2046 277 2093 videre
286 2047 352 2093 retes
362 2047 434 2100 utque
444 2044 509 2090 inter
518 2057 620 2098 opaeum

64 2115 140 2164 aliubi
148 2130 233 2162 nemus
243 2116 269 2162 et
278 2114 367 2161 taeitos
376 2112 514 2159 incumbere
524 2110 605 2166 remis,

66 2185 192 2233 terrentur
201 2182 255 2230 visu
265 2182 347 2229 subito
357 2180 484 2236 cunctique
494 2177 584 2226 relictis

20 2267 56 2292 1¹0
67 2252 218 2309 consurgunt
227 2251 324 2299 mensis.
354 2250 443 2296 Audax
452 2264 510 2304 quos
520 2261 633 2302 rumpere
643 2245 725 2292 Pullus

67 2337 138 2370 sacru
147 2322 215 2368 vetut
225 2321 341 2375 ruptoque
347 2318 415 2365 volet
424 2317 473 2363 telo
482 2316 566 2363 obvim
575 2315 634 2370 ipse,

68 2393 94 2438 et
104 2389 189 2446 proeul
199 2403 212 2436 e
221 2387 317 2435 tumulo
327 2387 453 2442 ‘Iuvenes,
464 2399 525 2440 quae
536 2398 609 2431 cause
619 2381 714 2439 subegit

289 2475 324 2508 1⁰8.
346 2471 433 2507 ‘tacitis’
441 2469 524 2505 Servius.

117 2526 184 2576 (297)
390 2532 425 2571 πε
