<?xml version="1.0" encoding="UTF-8"?>
<!DOCTYPE html PUBLIC "-//W3C//DTD XHTML 1.0 Transitional//EN"
    "http://www.w3.org/TR/xhtml1/DTD/xhtml1-transitional.dtd">
<html xmlns="http://www.w3.org/1999/xhtml" xml:lang="en" lang="en">
 <head>
  <title>
</title>
<meta http-equiv="Content-Type" content="text/html;charset=utf-8" />
  <meta name='ocr-system' content='tesseract 3.04.00' />
  <meta name='ocr-capabilities' content='ocr_page ocr_carea ocr_par ocr_line ocrx_word'/>
</head>
<body>
  <div class='ocr_page' id='page_1' title='image "./pvergilimaronis07virggoog/pvergilimaronis07virggoog_0321.png"; bbox 0 0 1972 3164; ppageno 0'>
   <div class='ocr_carea' id='block_1_1' title="bbox 366 155 665 197">
    <p class='ocr_par' dir='ltr' id='par_1_1' title="bbox 366 155 665 197">
     <span class='ocr_line' id='line_1_1' title="bbox 366 155 665 197; baseline 0.007 -2"><span class='ocrx_word' id='word_1_1' title='bbox 366 156 388 195; x_wconf 90' lang='lat' dir='ltr'>P.</span> <span class='ocrx_word' id='word_1_2' title='bbox 401 155 523 196; x_wconf 84' lang='lat' dir='ltr'><strong>VERGILI</strong></span> <span class='ocrx_word' id='word_1_3' title='bbox 536 155 665 197; x_wconf 74' lang='lat' dir='ltr'>nasoms</span> 
     </span>
    </p>
   </div>
   <div class='ocr_carea' id='block_1_2' title="bbox 132 251 858 2504">
    <p class='ocr_par' dir='ltr' id='par_1_2' title="bbox 179 251 825 448">
     <span class='ocr_line' id='line_1_2' title="bbox 179 251 786 314; baseline 0.008 -16"><span class='ocrx_word' id='word_1_4' title='bbox 179 251 200 298; x_wconf 90' lang='lat' dir='ltr'>it</span> <span class='ocrx_word' id='word_1_5' title='bbox 209 251 291 310; x_wconf 84' lang='lat' dir='ltr'>timor,</span> <span class='ocrx_word' id='word_1_6' title='bbox 301 253 327 300; x_wconf 88' lang='lat' dir='ltr'>et</span> <span class='ocrx_word' id='word_1_7' title='bbox 336 254 414 301; x_wconf 89' lang='lat' dir='ltr'>maior</span> <span class='ocrx_word' id='word_1_8' title='bbox 423 254 512 302; x_wconf 85' lang='lat' dir='ltr'>Martis</span> <span class='ocrx_word' id='word_1_9' title='bbox 522 255 571 302; x_wconf 88' lang='lat' dir='ltr'>iam</span> <span class='ocrx_word' id='word_1_10' title='bbox 580 255 684 310; x_wconf 84' lang='lat' dir='ltr'>apparet</span> <span class='ocrx_word' id='word_1_11' title='bbox 693 254 786 314; x_wconf 77' lang='lat' dir='ltr'>imago.</span> 
     </span>
     <span class='ocr_line' id='line_1_3' title="bbox 180 321 825 378; baseline 0.006 -10"><span class='ocrx_word' id='word_1_12' title='bbox 180 321 243 368; x_wconf 79' lang='lat' dir='ltr'>&#39;l&#39;um</span> <span class='ocrx_word' id='word_1_13' title='bbox 253 322 324 376; x_wconf 87' lang='lat' dir='ltr'>pater</span> <span class='ocrx_word' id='word_1_14' title='bbox 333 322 462 369; x_wconf 84' lang='lat' dir='ltr'>Evandrus</span> <span class='ocrx_word' id='word_1_15' title='bbox 472 322 582 369; x_wconf 87' lang='lat' dir='ltr'>dextram</span> <span class='ocrx_word' id='word_1_16' title='bbox 592 322 731 378; x_wconf 87' lang='lat' dir='ltr'>complexus</span> <span class='ocrx_word' id='word_1_17' title='bbox 740 324 825 372; x_wconf 91' lang='lat' dir='ltr'>euntis</span> 
     </span>
     <span class='ocr_line' id='line_1_4' title="bbox 180 388 772 448; baseline 0.007 -12"><span class='ocrx_word' id='word_1_18' title='bbox 180 388 273 447; x_wconf 85' lang='lat' dir='ltr'>haeret,</span> <span class='ocrx_word' id='word_1_19' title='bbox 283 389 419 446; x_wconf 84' lang='lat' dir='ltr'>inexpletus</span> <span class='ocrx_word' id='word_1_20' title='bbox 429 389 567 448; x_wconf 80' lang='lat' dir='ltr'>lacrimans,</span> <span class='ocrx_word' id='word_1_21' title='bbox 578 406 606 438; x_wconf 86' lang='lat' dir='ltr'>ao</span> <span class='ocrx_word' id='word_1_22' title='bbox 615 390 677 438; x_wconf 86' lang='lat' dir='ltr'>talia</span> <span class='ocrx_word' id='word_1_23' title='bbox 686 391 772 440; x_wconf 80' lang='lat' dir='ltr'>fatur:</span> 
     </span>
    </p>

    <p class='ocr_par' dir='ltr' id='par_1_3' title="bbox 132 457 858 1130">
     <span class='ocr_line' id='line_1_5' title="bbox 132 457 787 518; baseline -0.002 -9"><span class='ocrx_word' id='word_1_24' title='bbox 132 471 169 518; x_wconf 82' lang='lat'>560</span> <span class='ocrx_word' id='word_1_25' title='bbox 181 457 187 478; x_wconf 89' lang='lat'>‘</span> <span class='ocrx_word' id='word_1_26' title='bbox 196 457 218 505; x_wconf 89' lang='lat'>0</span> <span class='ocrx_word' id='word_1_27' title='bbox 228 458 287 505; x_wconf 92' lang='lat' dir='ltr'>mihi</span> <span class='ocrx_word' id='word_1_28' title='bbox 294 458 437 514; x_wconf 86' lang='lat' dir='ltr'>praeteritos</span> <span class='ocrx_word' id='word_1_29' title='bbox 447 458 538 506; x_wconf 82' lang='lat' dir='ltr'>referat</span> <span class='ocrx_word' id='word_1_30' title='bbox 547 459 568 505; x_wconf 88' lang='lat' dir='ltr'>si</span> <span class='ocrx_word' id='word_1_31' title='bbox 577 459 690 514; x_wconf 86' lang='lat' dir='ltr'>Iuppiter</span> <span class='ocrx_word' id='word_1_32' title='bbox 699 475 787 518; x_wconf 85' lang='lat' dir='ltr'>annos,</span> 
     </span>
     <span class='ocr_line' id='line_1_6' title="bbox 181 526 858 586; baseline 0.006 -13"><span class='ocrx_word' id='word_1_33' title='bbox 181 526 258 582; x_wconf 84' lang='lat' dir='ltr'>qualis</span> <span class='ocrx_word' id='word_1_34' title='bbox 264 542 338 584; x_wconf 88' lang='lat' dir='ltr'>eram,</span> <span class='ocrx_word' id='word_1_35' title='bbox 345 542 399 574; x_wconf 91' lang='lat' dir='ltr'>cum</span> <span class='ocrx_word' id='word_1_36' title='bbox 409 526 513 582; x_wconf 87' lang='lat' dir='ltr'>primam</span> <span class='ocrx_word' id='word_1_37' title='bbox 520 527 596 574; x_wconf 80' lang='lat' dir='ltr'>aciem</span> <span class='ocrx_word' id='word_1_38' title='bbox 606 527 740 576; x_wconf 77' lang='lat' dir='ltr'>Praeneste</span> <span class='ocrx_word' id='word_1_39' title='bbox 748 529 797 576; x_wconf 87' lang='lat' dir='ltr'>sub</span> <span class='ocrx_word' id='word_1_40' title='bbox 804 529 858 586; x_wconf 83' lang='lat' dir='ltr'>ipsa</span> 
     </span>
     <span class='ocr_line' id='line_1_7' title="bbox 181 594 748 655; baseline 0.007 -14"><span class='ocrx_word' id='word_1_41' title='bbox 181 595 258 641; x_wconf 84' lang='lat' dir='ltr'>stravi</span> <span class='ocrx_word' id='word_1_42' title='bbox 268 597 438 651; x_wconf 89' lang='lat' dir='ltr'>scutorumque</span> <span class='ocrx_word' id='word_1_43' title='bbox 447 594 543 642; x_wconf 90' lang='lat' dir='ltr'>incendi</span> <span class='ocrx_word' id='word_1_44' title='bbox 552 595 631 643; x_wconf 82' lang='lat' dir='ltr'>victor</span> <span class='ocrx_word' id='word_1_45' title='bbox 640 611 748 655; x_wconf 85' lang='lat' dir='ltr'>acervos,</span> 
     </span>
     <span class='ocr_line' id='line_1_8' title="bbox 180 663 810 725; baseline 0.006 -15"><span class='ocrx_word' id='word_1_46' title='bbox 180 665 206 710; x_wconf 89' lang='lat' dir='ltr'>et</span> <span class='ocrx_word' id='word_1_47' title='bbox 215 679 297 720; x_wconf 69' lang='lat' dir='ltr'>regem</span> <span class='ocrx_word' id='word_1_48' title='bbox 307 663 352 711; x_wconf 89' lang='lat' dir='ltr'>hac</span> <span class='ocrx_word' id='word_1_49' title='bbox 362 663 466 710; x_wconf 79' lang='lat' dir='ltr'>Erulum</span> <span class='ocrx_word' id='word_1_50' title='bbox 476 664 563 710; x_wconf 85' lang='lat' dir='ltr'>dextra</span> <span class='ocrx_word' id='word_1_51' title='bbox 573 664 617 711; x_wconf 92' lang='lat' dir='ltr'>sub</span> <span class='ocrx_word' id='word_1_52' title='bbox 628 665 736 712; x_wconf 81' lang='lat' dir='ltr'>Tartara</span> <span class='ocrx_word' id='word_1_53' title='bbox 744 666 810 725; x_wconf 88' lang='lat' dir='ltr'>misi,</span> 
     </span>
     <span class='ocr_line' id='line_1_9' title="bbox 179 731 705 780; baseline 0.006 -3"><span class='ocrx_word' id='word_1_54' title='bbox 179 731 290 778; x_wconf 88' lang='lat' dir='ltr'>nascenti</span> <span class='ocrx_word' id='word_1_55' title='bbox 299 731 338 778; x_wconf 91' lang='lat' dir='ltr'>cui</span> <span class='ocrx_word' id='word_1_56' title='bbox 347 732 398 778; x_wconf 87' lang='lat' dir='ltr'>tres</span> <span class='ocrx_word' id='word_1_57' title='bbox 407 731 501 778; x_wconf 78' lang='lat' dir='ltr'>animas</span> <span class='ocrx_word' id='word_1_58' title='bbox 510 731 615 779; x_wconf 82' lang='lat' dir='ltr'><strong>Feronia</strong></span> <span class='ocrx_word' id='word_1_59' title='bbox 625 735 705 780; x_wconf 89' lang='lat' dir='ltr'>mater</span> 
     </span>
     <span class='ocr_line' id='line_1_10' title="bbox 180 799 848 862; baseline 0.009 -17"><span class='ocrx_word' id='word_1_60' title='bbox 180 799 336 854; x_wconf 76' lang='lat' dir='ltr'>(homendum</span> <span class='ocrx_word' id='word_1_61' title='bbox 345 799 420 856; x_wconf 81' lang='lat' dir='ltr'>dictu)</span> <span class='ocrx_word' id='word_1_62' title='bbox 430 799 538 858; x_wconf 83' lang='lat' dir='ltr'>dederat,</span> <span class='ocrx_word' id='word_1_63' title='bbox 550 801 622 848; x_wconf 87' lang='lat' dir='ltr'>terna</span> <span class='ocrx_word' id='word_1_64' title='bbox 631 817 704 849; x_wconf 87' lang='lat' dir='ltr'>arma</span> <span class='ocrx_word' id='word_1_65' title='bbox 712 803 848 862; x_wconf 81' lang='lat' dir='ltr'>movenda;</span> 
     </span>
     <span class='ocr_line' id='line_1_11' title="bbox 179 867 817 925; baseline 0.008 -11"><span class='ocrx_word' id='word_1_66' title='bbox 179 868 219 914; x_wconf 90' lang='lat' dir='ltr'>ter</span> <span class='ocrx_word' id='word_1_67' title='bbox 227 867 277 914; x_wconf 91' lang='lat' dir='ltr'>leto</span> <span class='ocrx_word' id='word_1_68' title='bbox 287 867 431 914; x_wconf 88' lang='lat' dir='ltr'>sternendus</span> <span class='ocrx_word' id='word_1_69' title='bbox 441 870 510 925; x_wconf 89' lang='lat' dir='ltr'>erat;</span> <span class='ocrx_word' id='word_1_70' title='bbox 525 868 564 915; x_wconf 89' lang='lat' dir='ltr'>oui</span> <span class='ocrx_word' id='word_1_71' title='bbox 573 871 627 915; x_wconf 87' lang='lat' dir='ltr'>tum</span> <span class='ocrx_word' id='word_1_72' title='bbox 636 870 723 916; x_wconf 89' lang='lat' dir='ltr'>tamen</span> <span class='ocrx_word' id='word_1_73' title='bbox 731 885 817 919; x_wconf 87' lang='lat' dir='ltr'>omnes</span> 
     </span>
     <span class='ocr_line' id='line_1_12' title="bbox 179 935 856 987; baseline 0.007 -5"><span class='ocrx_word' id='word_1_74' title='bbox 179 936 282 983; x_wconf 89' lang='lat' dir='ltr'>abstulit</span> <span class='ocrx_word' id='word_1_75' title='bbox 291 935 351 983; x_wconf 89' lang='lat' dir='ltr'>haec</span> <span class='ocrx_word' id='word_1_76' title='bbox 357 935 450 983; x_wconf 88' lang='lat' dir='ltr'>animas</span> <span class='ocrx_word' id='word_1_77' title='bbox 456 936 543 983; x_wconf 87' lang='lat' dir='ltr'>dextra</span> <span class='ocrx_word' id='word_1_78' title='bbox 550 937 575 984; x_wconf 89' lang='lat' dir='ltr'>et</span> <span class='ocrx_word' id='word_1_79' title='bbox 584 937 686 984; x_wconf 84' lang='lat' dir='ltr'>totidem</span> <span class='ocrx_word' id='word_1_80' title='bbox 692 938 761 985; x_wconf 87' lang='lat' dir='ltr'>exuit</span> <span class='ocrx_word' id='word_1_81' title='bbox 767 939 856 987; x_wconf 85' lang='lat' dir='ltr'>armis:</span> 
     </span>
     <span class='ocr_line' id='line_1_13' title="bbox 179 1003 815 1065; baseline 0.008 -15"><span class='ocrx_word' id='word_1_82' title='bbox 179 1018 228 1050; x_wconf 88' lang='lat' dir='ltr'>non</span> <span class='ocrx_word' id='word_1_83' title='bbox 238 1019 282 1060; x_wconf 81' lang='lat' dir='ltr'>ego</span> <span class='ocrx_word' id='word_1_84' title='bbox 292 1019 357 1051; x_wconf 88' lang='lat' dir='ltr'>nunc</span> <span class='ocrx_word' id='word_1_85' title='bbox 366 1003 431 1051; x_wconf 91' lang='lat' dir='ltr'>dulci</span> <span class='ocrx_word' id='word_1_86' title='bbox 441 1005 555 1060; x_wconf 88' lang='lat' dir='ltr'>amplexu</span> <span class='ocrx_word' id='word_1_87' title='bbox 564 1004 694 1053; x_wconf 85' lang='lat' dir='ltr'>divellerer</span> <span class='ocrx_word' id='word_1_88' title='bbox 702 1021 815 1065; x_wconf 85' lang='lat' dir='ltr'>usquam,</span> 
     </span>
     <span class='ocr_line' id='line_1_14' title="bbox 179 1072 780 1130; baseline 0.005 -11"><span class='ocrx_word' id='word_1_89' title='bbox 179 1074 246 1129; x_wconf 87' lang='lat' dir='ltr'>nate,</span> <span class='ocrx_word' id='word_1_90' title='bbox 257 1074 308 1128; x_wconf 84' lang='lat' dir='ltr'>tuo,</span> <span class='ocrx_word' id='word_1_91' title='bbox 318 1087 395 1128; x_wconf 86' lang='lat' dir='ltr'>neque</span> <span class='ocrx_word' id='word_1_92' title='bbox 404 1072 507 1119; x_wconf 86' lang='lat' dir='ltr'>finitimo</span> <span class='ocrx_word' id='word_1_93' title='bbox 517 1074 652 1120; x_wconf 77' lang='lat' dir='ltr'>Mezentius</span> <span class='ocrx_word' id='word_1_94' title='bbox 661 1089 780 1130; x_wconf 86' lang='lat' dir='ltr'>umquam</span> 
     </span>
    </p>

    <p class='ocr_par' dir='ltr' id='par_1_4' title="bbox 132 1140 775 1680">
     <span class='ocr_line' id='line_1_15' title="bbox 132 1140 770 1196; baseline 0.008 -11"><span class='ocrx_word' id='word_1_95' title='bbox 132 1158 169 1196; x_wconf 81' lang='lat'>⁵70</span> <span class='ocrx_word' id='word_1_96' title='bbox 180 1140 236 1189; x_wconf 89' lang='lat' dir='ltr'>huic</span> <span class='ocrx_word' id='word_1_97' title='bbox 246 1141 321 1196; x_wconf 85' lang='lat' dir='ltr'>capiti</span> <span class='ocrx_word' id='word_1_98' title='bbox 329 1140 450 1187; x_wconf 90' lang='lat' dir='ltr'>insultans</span> <span class='ocrx_word' id='word_1_99' title='bbox 459 1141 498 1187; x_wconf 90' lang='lat' dir='ltr'>tot</span> <span class='ocrx_word' id='word_1_100' title='bbox 507 1141 572 1188; x_wconf 81' lang='lat' dir='ltr'>ferro</span> <span class='ocrx_word' id='word_1_101' title='bbox 582 1157 654 1189; x_wconf 81' lang='lat' dir='ltr'>saeva</span> <span class='ocrx_word' id='word_1_102' title='bbox 662 1142 770 1190; x_wconf 86' lang='lat' dir='ltr'>dedisset</span> 
     </span>
     <span class='ocr_line' id='line_1_16' title="bbox 180 1209 775 1267; baseline 0.003 -11"><span class='ocrx_word' id='word_1_103' title='bbox 180 1209 275 1267; x_wconf 81' lang='lat' dir='ltr'>funera,</span> <span class='ocrx_word' id='word_1_104' title='bbox 286 1210 337 1256; x_wconf 89' lang='lat' dir='ltr'>tam</span> <span class='ocrx_word' id='word_1_105' title='bbox 348 1209 431 1256; x_wconf 89' lang='lat' dir='ltr'>multis</span> <span class='ocrx_word' id='word_1_106' title='bbox 440 1209 564 1256; x_wconf 76' lang='lat' dir='ltr'>viduasset</span> <span class='ocrx_word' id='word_1_107' title='bbox 575 1209 669 1256; x_wconf 85' lang='lat' dir='ltr'>civibus</span> <span class='ocrx_word' id='word_1_108' title='bbox 678 1211 775 1258; x_wconf 90' lang='lat' dir='ltr'>urbem.</span> 
     </span>
     <span class='ocr_line' id='line_1_17' title="bbox 180 1276 775 1335; baseline 0.003 -10"><span class='ocrx_word' id='word_1_109' title='bbox 180 1278 275 1335; x_wconf 81' lang='lat' dir='ltr'>Atros,</span> <span class='ocrx_word' id='word_1_110' title='bbox 286 1292 300 1324; x_wconf 93' lang='grc' dir='ltr'>ο</span> <span class='ocrx_word' id='word_1_111' title='bbox 310 1277 399 1334; x_wconf 88' lang='lat' dir='ltr'>superi,</span> <span class='ocrx_word' id='word_1_112' title='bbox 410 1279 435 1324; x_wconf 91' lang='lat' dir='ltr'>et</span> <span class='ocrx_word' id='word_1_113' title='bbox 445 1276 527 1324; x_wconf 85' lang='lat' dir='ltr'>divum</span> <span class='ocrx_word' id='word_1_114' title='bbox 537 1279 567 1324; x_wconf 91' lang='lat' dir='ltr'>tu</span> <span class='ocrx_word' id='word_1_115' title='bbox 576 1278 681 1325; x_wconf 80' lang='lat' dir='ltr'>maxime</span> <span class='ocrx_word' id='word_1_116' title='bbox 691 1281 775 1326; x_wconf 87' lang='lat' dir='ltr'>rector</span> 
     </span>
     <span class='ocr_line' id='line_1_18' title="bbox 180 1346 767 1405; baseline -0.002 -10"><span class='ocrx_word' id='word_1_117' title='bbox 180 1347 299 1403; x_wconf 85' lang='lat' dir='ltr'>Iuppiter,</span> <span class='ocrx_word' id='word_1_118' title='bbox 310 1346 417 1402; x_wconf 83' lang='lat' dir='ltr'>Arcadii,</span> <span class='ocrx_word' id='word_1_119' title='bbox 427 1360 523 1403; x_wconf 87' lang='lat' dir='ltr'>quaeso,</span> <span class='ocrx_word' id='word_1_120' title='bbox 534 1346 682 1394; x_wconf 79' lang='lat' dir='ltr'>miserescite</span> <span class='ocrx_word' id='word_1_121' title='bbox 692 1347 767 1405; x_wconf 74' lang='lat' dir='ltr'>regis,</span> 
     </span>
     <span class='ocr_line' id='line_1_19' title="bbox 180 1416 760 1473; baseline -0.003 -7"><span class='ocrx_word' id='word_1_122' title='bbox 180 1420 205 1466; x_wconf 91' lang='lat' dir='ltr'>et</span> <span class='ocrx_word' id='word_1_123' title='bbox 214 1417 307 1473; x_wconf 81' lang='lat' dir='ltr'>patrias</span> <span class='ocrx_word' id='word_1_124' title='bbox 316 1416 398 1463; x_wconf 89' lang='lat' dir='ltr'>audite</span> <span class='ocrx_word' id='word_1_125' title='bbox 408 1431 499 1472; x_wconf 80' lang='lat' dir='ltr'>preces.</span> <span class='ocrx_word' id='word_1_126' title='bbox 530 1416 557 1463; x_wconf 86' lang='lat' dir='ltr'>Si</span> <span class='ocrx_word' id='word_1_127' title='bbox 566 1416 667 1463; x_wconf 89' lang='lat' dir='ltr'>numina</span> <span class='ocrx_word' id='word_1_128' title='bbox 675 1419 760 1464; x_wconf 82' lang='lat' dir='ltr'>vestra</span> 
     </span>
     <span class='ocr_line' id='line_1_20' title="bbox 178 1485 763 1543; baseline -0.003 -9"><span class='ocrx_word' id='word_1_129' title='bbox 178 1487 323 1534; x_wconf 90' lang='lat' dir='ltr'>incolumem</span> <span class='ocrx_word' id='word_1_130' title='bbox 334 1485 448 1531; x_wconf 85' lang='lat' dir='ltr'>Pallanta</span> <span class='ocrx_word' id='word_1_131' title='bbox 456 1485 523 1541; x_wconf 86' lang='lat' dir='ltr'>mihi,</span> <span class='ocrx_word' id='word_1_132' title='bbox 535 1485 555 1532; x_wconf 87' lang='lat' dir='ltr'>si</span> <span class='ocrx_word' id='word_1_133' title='bbox 564 1485 619 1532; x_wconf 84' lang='lat' dir='ltr'>lata</span> <span class='ocrx_word' id='word_1_134' title='bbox 626 1487 763 1543; x_wconf 87' lang='lat' dir='ltr'>reservant,</span> 
     </span>
     <span class='ocr_line' id='line_1_21' title="bbox 180 1553 729 1611; baseline -0.005 -8"><span class='ocrx_word' id='word_1_135' title='bbox 180 1555 200 1603; x_wconf 85' lang='lat' dir='ltr'>si</span> <span class='ocrx_word' id='word_1_136' title='bbox 210 1557 305 1602; x_wconf 79' lang='lat' dir='ltr'>risurus</span> <span class='ocrx_word' id='word_1_137' title='bbox 315 1569 370 1601; x_wconf 91' lang='lat' dir='ltr'>eum</span> <span class='ocrx_word' id='word_1_138' title='bbox 379 1553 434 1600; x_wconf 82' lang='lat' dir='ltr'>vivo</span> <span class='ocrx_word' id='word_1_139' title='bbox 443 1555 469 1600; x_wconf 89' lang='lat' dir='ltr'>et</span> <span class='ocrx_word' id='word_1_140' title='bbox 478 1555 597 1600; x_wconf 82' lang='lat' dir='ltr'>venturus</span> <span class='ocrx_word' id='word_1_141' title='bbox 607 1554 632 1600; x_wconf 89' lang='lat' dir='ltr'>in</span> <span class='ocrx_word' id='word_1_142' title='bbox 642 1568 729 1611; x_wconf 86' lang='lat' dir='ltr'>unum,</span> 
     </span>
     <span class='ocr_line' id='line_1_22' title="bbox 179 1622 746 1680; baseline -0.004 -10"><span class='ocrx_word' id='word_1_143' title='bbox 179 1625 256 1670; x_wconf 77' lang='lat' dir='ltr'>vitam</span> <span class='ocrx_word' id='word_1_144' title='bbox 264 1638 314 1680; x_wconf 89' lang='lat' dir='ltr'>oro,</span> <span class='ocrx_word' id='word_1_145' title='bbox 325 1622 406 1678; x_wconf 86' lang='lat' dir='ltr'>patior</span> <span class='ocrx_word' id='word_1_146' title='bbox 415 1622 524 1677; x_wconf 81' lang='lat' dir='ltr'>quemvis</span> <span class='ocrx_word' id='word_1_147' title='bbox 534 1622 622 1668; x_wconf 87' lang='lat' dir='ltr'>durare</span> <span class='ocrx_word' id='word_1_148' title='bbox 631 1622 746 1669; x_wconf 88' lang='lat' dir='ltr'>laborem.</span> 
     </span>
    </p>

    <p class='ocr_par' dir='ltr' id='par_1_5' title="bbox 180 1689 828 1816">
     <span class='ocr_line' id='line_1_23' title="bbox 181 1689 828 1748; baseline -0.005 -9"><span class='ocrx_word' id='word_1_149' title='bbox 181 1692 224 1739; x_wconf 89' lang='lat' dir='ltr'>Sin</span> <span class='ocrx_word' id='word_1_150' title='bbox 234 1692 337 1748; x_wconf 80' lang='lat' dir='ltr'>aliquem</span> <span class='ocrx_word' id='word_1_151' title='bbox 347 1690 475 1737; x_wconf 82' lang='lat' dir='ltr'>infandum</span> <span class='ocrx_word' id='word_1_152' title='bbox 485 1705 576 1746; x_wconf 88' lang='lat' dir='ltr'>casum,</span> <span class='ocrx_word' id='word_1_153' title='bbox 587 1690 707 1746; x_wconf 83' lang='lat' dir='ltr'>Fortuna,</span> <span class='ocrx_word' id='word_1_154' title='bbox 718 1689 828 1747; x_wconf 85' lang='lat' dir='ltr'>minaris,</span> 
     </span>
     <span class='ocr_line' id='line_1_24' title="bbox 180 1757 820 1816; baseline -0.005 -9"><span class='ocrx_word' id='word_1_155' title='bbox 180 1776 253 1816; x_wconf 89' lang='lat' dir='ltr'>nunc,</span> <span class='ocrx_word' id='word_1_156' title='bbox 265 1775 329 1806; x_wconf 89' lang='lat' dir='ltr'>nunc</span> <span class='ocrx_word' id='word_1_157' title='bbox 339 1773 353 1805; x_wconf 97' lang='lat' dir='ltr'>o</span> <span class='ocrx_word' id='word_1_158' title='bbox 362 1758 434 1805; x_wconf 84' lang='lat' dir='ltr'>liceat</span> <span class='ocrx_word' id='word_1_159' title='bbox 445 1757 567 1805; x_wconf 84' lang='lat' dir='ltr'>crudelem</span> <span class='ocrx_word' id='word_1_160' title='bbox 577 1758 722 1812; x_wconf 83' lang='lat' dir='ltr'>abrumpere</span> <span class='ocrx_word' id='word_1_161' title='bbox 732 1757 820 1814; x_wconf 81' lang='lat' dir='ltr'>vitam,</span> 
     </span>
    </p>

    <p class='ocr_par' dir='ltr' id='par_1_6' title="bbox 132 1825 837 2155">
     <span class='ocr_line' id='line_1_25' title="bbox 132 1825 802 1884; baseline -0.007 -8"><span class='ocrx_word' id='word_1_162' title='bbox 132 1839 169 1884; x_wconf 82' lang='lat'>580</span> <span class='ocrx_word' id='word_1_163' title='bbox 181 1829 238 1876; x_wconf 92' lang='lat' dir='ltr'>dum</span> <span class='ocrx_word' id='word_1_164' title='bbox 249 1843 321 1876; x_wconf 87' lang='lat' dir='ltr'>curae</span> <span class='ocrx_word' id='word_1_165' title='bbox 331 1826 467 1883; x_wconf 80' lang='lat' dir='ltr'>ambiguae,</span> <span class='ocrx_word' id='word_1_166' title='bbox 478 1827 536 1873; x_wconf 87' lang='lat' dir='ltr'>dum</span> <span class='ocrx_word' id='word_1_167' title='bbox 547 1842 600 1881; x_wconf 85' lang='lat' dir='ltr'>spes</span> <span class='ocrx_word' id='word_1_168' title='bbox 610 1826 705 1873; x_wconf 88' lang='lat' dir='ltr'>incerta</span> <span class='ocrx_word' id='word_1_169' title='bbox 713 1825 802 1883; x_wconf 77' lang='lat' dir='ltr'>futuri,</span> 
     </span>
     <span class='ocr_line' id='line_1_26' title="bbox 181 1895 788 1954; baseline -0.003 -10"><span class='ocrx_word' id='word_1_170' title='bbox 181 1899 239 1945; x_wconf 90' lang='lat' dir='ltr'>dum</span> <span class='ocrx_word' id='word_1_171' title='bbox 248 1900 282 1954; x_wconf 90' lang='lat' dir='ltr'>te,</span> <span class='ocrx_word' id='word_1_172' title='bbox 294 1911 349 1944; x_wconf 83' lang='lat' dir='ltr'>care</span> <span class='ocrx_word' id='word_1_173' title='bbox 359 1911 428 1952; x_wconf 87' lang='lat' dir='ltr'>puer,</span> <span class='ocrx_word' id='word_1_174' title='bbox 440 1910 496 1942; x_wconf 90' lang='lat' dir='ltr'>mea</span> <span class='ocrx_word' id='word_1_175' title='bbox 506 1910 560 1942; x_wconf 88' lang='lat' dir='ltr'>sera</span> <span class='ocrx_word' id='word_1_176' title='bbox 570 1896 595 1942; x_wconf 91' lang='lat' dir='ltr'>et</span> <span class='ocrx_word' id='word_1_177' title='bbox 605 1895 656 1942; x_wconf 87' lang='lat' dir='ltr'>sola</span> <span class='ocrx_word' id='word_1_178' title='bbox 665 1895 788 1951; x_wconf 79' lang='lat' dir='ltr'>voluptas,</span> 
     </span>
     <span class='ocr_line' id='line_1_27' title="bbox 181 1963 773 2023; baseline -0.01 -8"><span class='ocrx_word' id='word_1_179' title='bbox 181 1967 309 2023; x_wconf 85' lang='lat' dir='ltr'>complexu</span> <span class='ocrx_word' id='word_1_180' title='bbox 318 1966 403 2019; x_wconf 84' lang='lat' dir='ltr'>teueo;</span> <span class='ocrx_word' id='word_1_181' title='bbox 418 1963 516 2020; x_wconf 75' lang='lat' dir='ltr'>gravior</span> <span class='ocrx_word' id='word_1_182' title='bbox 526 1979 574 2010; x_wconf 89' lang='lat' dir='ltr'>neu</span> <span class='ocrx_word' id='word_1_183' title='bbox 584 1963 685 2009; x_wconf 89' lang='lat' dir='ltr'>nuntius</span> <span class='ocrx_word' id='word_1_184' title='bbox 696 1978 773 2010; x_wconf 87' lang='lat' dir='ltr'>aures</span> 
     </span>
     <span class='ocr_line' id='line_1_28' title="bbox 180 2031 837 2088; baseline -0.006 -6"><span class='ocrx_word' id='word_1_185' title='bbox 180 2035 308 2082; x_wconf 67' lang='lat' dir='ltr'>vulneret!</span> <span class='ocrx_word' id='word_1_186' title='bbox 339 2035 408 2079; x_wconf 87' lang='lat' dir='ltr'>Haec</span> <span class='ocrx_word' id='word_1_187' title='bbox 418 2032 515 2088; x_wconf 78' lang='lat' dir='ltr'>genitor</span> <span class='ocrx_word' id='word_1_188' title='bbox 524 2032 636 2088; x_wconf 79' lang='lat' dir='ltr'>digressu</span> <span class='ocrx_word' id='word_1_189' title='bbox 645 2031 711 2077; x_wconf 89' lang='lat' dir='ltr'>dicta</span> <span class='ocrx_word' id='word_1_190' title='bbox 720 2045 837 2087; x_wconf 82' lang='lat' dir='ltr'>supremo</span> 
     </span>
     <span class='ocr_line' id='line_1_29' title="bbox 180 2098 802 2155; baseline -0.008 -3"><span class='ocrx_word' id='word_1_191' title='bbox 180 2105 299 2151; x_wconf 83' lang='lat' dir='ltr'>fundebat</span> <span class='ocrx_word' id='word_1_192' title='bbox 309 2124 314 2150; x_wconf 93' lang='lat'><strong>:</strong></span> <span class='ocrx_word' id='word_1_193' title='bbox 329 2101 417 2149; x_wconf 84' lang='lat' dir='ltr'>famuli</span> <span class='ocrx_word' id='word_1_194' title='bbox 427 2100 559 2155; x_wconf 89' lang='lat' dir='ltr'>collapsum</span> <span class='ocrx_word' id='word_1_195' title='bbox 569 2099 671 2147; x_wconf 88' lang='lat' dir='ltr'>intecta</span> <span class='ocrx_word' id='word_1_196' title='bbox 680 2098 802 2147; x_wconf 84' lang='lat' dir='ltr'>ferebant.</span> 
     </span>
    </p>

    <p class='ocr_par' dir='ltr' id='par_1_7' title="bbox 179 2169 848 2504">
     <span class='ocr_line' id='line_1_30' title="bbox 208 2169 815 2228; baseline -0.008 -9"><span class='ocrx_word' id='word_1_197' title='bbox 208 2174 307 2228; x_wconf 91' lang='lat' dir='ltr'>Iamque</span> <span class='ocrx_word' id='word_1_198' title='bbox 319 2171 378 2217; x_wconf 91' lang='lat' dir='ltr'>adeo</span> <span class='ocrx_word' id='word_1_199' title='bbox 388 2169 482 2216; x_wconf 85' lang='lat' dir='ltr'>exierat</span> <span class='ocrx_word' id='word_1_200' title='bbox 493 2169 570 2224; x_wconf 78' lang='lat' dir='ltr'>portis</span> <span class='ocrx_word' id='word_1_201' title='bbox 581 2169 704 2224; x_wconf 84' lang='lat' dir='ltr'>equitatus</span> <span class='ocrx_word' id='word_1_202' title='bbox 714 2169 815 2226; x_wconf 86' lang='lat' dir='ltr'>apertis,</span> 
     </span>
     <span class='ocr_line' id='line_1_31' title="bbox 179 2236 683 2294; baseline -0.016 -4"><span class='ocrx_word' id='word_1_203' title='bbox 179 2243 274 2290; x_wconf 86' lang='lat' dir='ltr'>Aeneas</span> <span class='ocrx_word' id='word_1_204' title='bbox 284 2240 349 2287; x_wconf 86' lang='lat' dir='ltr'>inter</span> <span class='ocrx_word' id='word_1_205' title='bbox 360 2238 450 2294; x_wconf 88' lang='lat' dir='ltr'>primos</span> <span class='ocrx_word' id='word_1_206' title='bbox 460 2239 486 2283; x_wconf 90' lang='lat' dir='ltr'>et</span> <span class='ocrx_word' id='word_1_207' title='bbox 495 2237 558 2283; x_wconf 90' lang='lat' dir='ltr'>fidus</span> <span class='ocrx_word' id='word_1_208' title='bbox 568 2236 683 2292; x_wconf 86' lang='lat' dir='ltr'>Achates,</span> 
     </span>
     <span class='ocr_line' id='line_1_32' title="bbox 179 2305 776 2362; baseline -0.012 -4"><span class='ocrx_word' id='word_1_209' title='bbox 179 2311 235 2358; x_wconf 89' lang='lat' dir='ltr'>inde</span> <span class='ocrx_word' id='word_1_210' title='bbox 246 2310 287 2356; x_wconf 86' lang='lat' dir='ltr'>alii</span> <span class='ocrx_word' id='word_1_211' title='bbox 297 2308 384 2355; x_wconf 70' lang='lat' dir='ltr'>Troiae</span> <span class='ocrx_word' id='word_1_212' title='bbox 394 2321 514 2362; x_wconf 82' lang='lat' dir='ltr'>proceres,</span> <span class='ocrx_word' id='word_1_213' title='bbox 526 2306 577 2360; x_wconf 87' lang='lat' dir='ltr'>ipse</span> <span class='ocrx_word' id='word_1_214' title='bbox 588 2305 683 2361; x_wconf 77' lang='lat' dir='ltr'>agmine</span> <span class='ocrx_word' id='word_1_215' title='bbox 694 2305 776 2352; x_wconf 84' lang='lat' dir='ltr'>Pallas</span> 
     </span>
     <span class='ocr_line' id='line_1_33' title="bbox 179 2373 848 2434; baseline -0.007 -8"><span class='ocrx_word' id='word_1_216' title='bbox 179 2381 205 2426; x_wconf 90' lang='lat' dir='ltr'>iu</span> <span class='ocrx_word' id='word_1_217' title='bbox 215 2379 301 2434; x_wconf 88' lang='lat' dir='ltr'>medio,</span> <span class='ocrx_word' id='word_1_218' title='bbox 313 2375 437 2431; x_wconf 88' lang='lat' dir='ltr'>chlamyde</span> <span class='ocrx_word' id='word_1_219' title='bbox 448 2376 474 2420; x_wconf 92' lang='lat' dir='ltr'>et</span> <span class='ocrx_word' id='word_1_220' title='bbox 485 2374 557 2429; x_wconf 88' lang='lat' dir='ltr'>pictis</span> <span class='ocrx_word' id='word_1_221' title='bbox 568 2375 712 2430; x_wconf 88' lang='lat' dir='ltr'>conspectus</span> <span class='ocrx_word' id='word_1_222' title='bbox 722 2374 747 2420; x_wconf 89' lang='lat' dir='ltr'>in</span> <span class='ocrx_word' id='word_1_223' title='bbox 758 2373 848 2421; x_wconf 87' lang='lat' dir='ltr'>armis:</span> 
     </span>
     <span class='ocr_line' id='line_1_34' title="bbox 179 2441 728 2504; baseline -0.011 -11"><span class='ocrx_word' id='word_1_224' title='bbox 179 2447 258 2504; x_wconf 88' lang='lat' dir='ltr'>qualis</span> <span class='ocrx_word' id='word_1_225' title='bbox 267 2445 310 2491; x_wconf 90' lang='lat' dir='ltr'>ubi</span> <span class='ocrx_word' id='word_1_226' title='bbox 320 2443 412 2493; x_wconf 83' lang='lat' dir='ltr'>Oceani</span> <span class='ocrx_word' id='word_1_227' title='bbox 422 2442 535 2499; x_wconf 82' lang='lat' dir='ltr'>perfusus</span> <span class='ocrx_word' id='word_1_228' title='bbox 546 2442 645 2489; x_wconf 81' lang='lat' dir='ltr'>Lucifer</span> <span class='ocrx_word' id='word_1_229' title='bbox 654 2441 728 2497; x_wconf 87' lang='lat' dir='ltr'>unda,</span> 
     </span>
    </p>
   </div>
   <div class='ocr_carea' id='block_1_3' title="bbox 224 2516 295 2568">
    <p class='ocr_par' dir='ltr' id='par_1_8' title="bbox 224 2516 295 2568">
     <span class='ocr_line' id='line_1_35' title="bbox 224 2516 295 2568; baseline -0.028 -1"><span class='ocrx_word' id='word_1_230' title='bbox 224 2516 295 2568; x_wconf 83' lang='lat'><em>(312)</em></span> 
     </span>
    </p>
   </div>
   <div class='ocr_carea' id='block_1_4' title="bbox 0 0 990 3164">
    <p class='ocr_par' dir='ltr' id='par_1_9' title="bbox 0 0 990 3164">
     <span class='ocr_line' id='line_1_36' title="bbox 0 0 990 3164; baseline 0 2"><span class='ocrx_word' id='word_1_231' title='bbox 0 0 990 3164; x_wconf 95' lang='lat' dir='ltr'> </span> 
     </span>
    </p>
   </div>
  </div>
 </body>
</html>
