1972 3164
416 205 526 245 AENEIS.
552 206 596 246 XII

168 304 239 351 nocte
248 301 323 359 quies,
334 300 478 357 nequiquam
488 301 571 349 avidos
580 301 708 349 extendere
719 317 803 350 cursus

121 394 158 432 910
169 372 230 419 velle
240 371 358 428 videmur,
369 373 395 417 et
405 371 430 417 iu
440 371 525 418 mediis
535 370 660 418 conatibus
670 371 737 428 aegri

168 440 321 497 succidimus,
331 455 380 488 non
390 440 475 498 lingua
483 439 558 496 valet,
568 456 618 487 non
628 455 727 496 corpore
736 442 808 487 notae

169 509 290 556 sufficiunt
300 509 371 565 vires,
383 524 426 555 nec
436 523 483 555 vox
492 511 537 554 aut
546 508 620 555 verba
630 511 777 564 sequuntur:

168 577 203 624 sic
213 577 304 634 'I'urno‚
315 592 464 632 quacumque
473 578 538 623 viam
548 577 641 625 virtute
651 578 747 635 petivit,

169 660 305 692 successum
315 646 361 692 dea
369 645 424 692 dira
432 649 516 704 negat.
546 647 609 693 Tum
619 648 714 702 pectore
724 661 808 694 sensus

169 714 300 759 vertuntur
309 713 378 760 varii.
409 713 515 761 Rutulos
525 716 635 770 aspectat
644 717 669 762 et
679 715 772 773 urbem,

169 783 346 837 cunctaturque
355 784 431 839 metu,
441 783 564 838 telumque
573 783 665 830 instare
675 784 798 832 tremescit
809 803 814 830 :

169 864 213 896 nec
223 864 269 904 quo
279 865 304 897 se
313 850 408 907 eripiat,
418 866 462 898 nec
472 866 519 906 qua
528 851 552 898 vi
561 851 647 899 tendat
657 852 683 898 in
692 852 795 908 hostem,

169 932 213 964 nec
223 933 308 965 currus
318 934 419 974 usquam
430 920 495 966 videt
505 920 645 977 aurigamve
656 935 769 967 sororem.

169 986 301 1034 Cunctanti
311 987 387 1034 telum
397 988 490 1035 Aeneas
500 988 576 1036 fatale
587 991 705 1045 coruscat,

122 1076 158 1113 920
168 1054 269 1102 sortitus
279 1056 404 1103 fortunam
414 1056 498 1113 oculis,
509 1057 533 1102 et
544 1072 642 1111 corpore
652 1058 705 1103 toto

167 1124 262 1170 eminus
271 1124 402 1180 intorquet.
433 1125 524 1170 Murali
534 1125 630 1171 concita
639 1139 769 1178 numquam

168 1192 290 1238 tormento
298 1191 332 1238 sic
341 1206 401 1237 saxa
410 1191 527 1247 fremunt,
537 1206 582 1237 nec
591 1190 692 1237 fulmine
701 1191 766 1237 tanti

168 1256 301 1304 dissultant
311 1259 427 1313 crepitus.
457 1257 531 1304 Volat
541 1258 590 1304 atri
599 1258 702 1304 turbinis
711 1258 789 1305 instar

169 1325 270 1371 exitium
280 1325 360 1371 dirum
369 1325 442 1371 hasta
450 1325 539 1382 terens,
550 1340 649 1381 orasque
659 1326 761 1373 recludit

170 1393 258 1439 loricae
268 1394 293 1439 et
303 1392 373 1448 clipei
382 1394 502 1439 extremos
512 1381 673 1448 septemplicis
683 1393 759 1441 orbes.

171 1461 220 1507 Per
230 1460 335 1507 medium
346 1461 450 1507 stridens
460 1461 550 1507 transit
559 1461 645 1509 femur.
676 1461 765 1509 Incidit
774 1461 836 1509 ictus

171 1530 256 1586 ingens
267 1529 298 1576 ed
307 1531 400 1577 terram
411 1529 533 1584 duplicato
543 1530 633 1585 poplite
642 1531 747 1578 Turnus.

171 1599 328 1654 Consurgunt
338 1597 432 1654 gemitu
442 1597 537 1654 Rutuli,
548 1599 661 1654 totusque
671 1599 777 1655 remugit

171 1682 239 1713 mons
250 1667 349 1723 circum,
357 1668 381 1713 et
389 1681 471 1713 vocem
481 1666 531 1713 late
541 1682 639 1713 nemora
646 1666 697 1714 alta
706 1668 843 1715 remittunt.

123 1750 160 1787 930
171 1735 215 1782 llle
225 1734 327 1782 humiles
338 1735 439 1790 supplex
445 1734 533 1791 oculos,
541 1735 697 1791 dextramque
706 1739 844 1792 precantem

170 1804 316 1859 protendens
328 1804 461 1860 ‘Equidem
471 1804 548 1852 merui
557 1821 601 1852 nec
611 1805 740 1861 deprecor'
751 1806 844 1862 iuquit;

170 1872 253 1920 ‘utere
263 1874 328 1920 sorte
337 1875 390 1920 tua.
421 1873 505 1920 Miseri
516 1876 540 1921 te
550 1874 745 1932 si'cnqtatentis

168 1942 271 2000 tangere
282 1958 342 1989 cura
351 1944 440 1999 potest,
452 1957 494 1989 oro
504 1943 561 1999 (fuit
571 1944 596 1988 et
605 1942 650 1988 tibi
659 1941 716 1988 talis

168 2010 284 2057 Anchises
294 2011 407 2065 genitor),
418 2010 502 2055 Dauni
510 2010 623 2055 miserere
632 2009 751 2062 senectae,

169 2080 195 2123 ct
205 2092 252 2131 me,
262 2091 305 2122 eeu
314 2092 402 2130 corpus
412 2076 541 2128 spoliatum
551 2075 642 2120 lumine
652 2074 738 2128 mous,

170 2143 243 2189 redde
254 2141 321 2187 meis.
349 2140 445 2194 Vicisti,
455 2142 481 2185 et
490 2141 581 2186 victum
590 2139 793 2193 tenderepulmas

171 2208 271 2257 Ausonii
289 2208 364 2254 ,idere
375 2225 381 2261 3
395 2207 440 2250 tua
450 2208 487 2250 est
497 2205 598 2251 Lavinia
607 2206 724 2252 coniunx:

171 2276 275 2324 ulterius
285 2290 315 2322 ne
325 2272 399 2320 tende
408 2272 485 2318 odiis!
518 2271 592 2318 Stetit
602 2288 657 2318 acer
666 2271 692 2316 in
701 2274 774 2319 armis

177 2351 276 2401 Aeneas,
287 2359 296 2386 s
351 2357 385 2387 ¹ns
395 2339 484 2396 oculos,
495 2340 651 2394 dextramque
661 2341 774 2394 repressit
784 2361 790 2397 ;

127 2439 163 2476 940
172 2430 189 2461 e·
209 2413 256 2459 'am
265 2413 361 2466 icmcnc
371 2408 448 2464 magis
458 2409 614 2455 cunctantem
623 2407 719 2454 flectere
728 2422 807 2454 sermo

141 2538 145 2543 ι
189 2483 293 2538 eperat,
303 2479 389 2527 infelix
398 2492 482 2524 umero
492 2492 546 2524 cum
557 2475 671 2532 apparuit
680 2474 731 2522 alto

221 2550 291 2599 (433)
