1972 3164
372 196 523 237 GEORGIOA.
550 197 581 236 1v

138 290 211 340 stelio
220 293 246 339 et
256 291 369 349 lucifugis
379 292 495 349 congesta
504 291 594 339 cubilia
602 289 688 339 blattis
727 289 730 293 ’

136 359 299 416 immunisque
308 361 393 408 sedens
403 361 483 408 aliena
493 361 525 407 ad
534 360 625 416 pabula
633 360 719 418 iucus3

137 430 184 477 aut
193 443 265 484 asper
274 428 360 476 crabro
368 428 503 484 imparibus
514 443 540 475 se
549 428 684 475 immiscuit
693 428 775 485 armis,

138 498 184 544 aut
194 496 275 542 dirum
284 496 359 544 tiniae
369 512 454 553 genus,
465 498 509 543 aut
519 495 599 543 inrisa
608 496 734 544 Minervae

138 565 208 613 laxos
217 564 345 612 inferibus
355 565 479 621 suspendit
489 580 579 612 aranea
589 579 675 612 casses.

139 634 194 691 Quo
204 633 282 691 magis
291 633 423 681 exhaustae
433 634 535 689 fuerint,
544 633 590 681 hoc
601 633 682 681 acrius
691 648 776 681 omnes

139 701 281 750 incumbent
290 701 384 758 generis
394 701 456 756 lapsi
466 701 555 748 sarcire
564 701 656 758 ruinas,

92 787 128 825 ¹⁵0
139 769 341 826 complebuntque
351 769 416 816 toros
425 770 451 817 et
460 769 558 817 floribus
567 770 655 817 horrca
664 771 758 817 terent.

170 838 196 886 Si
205 853 271 895 vero,
282 838 394 894 quoniam
405 854 474 886 casus
484 839 570 894 apibus
577 854 671 894 quoque
681 841 777 886 nostros

140 907 193 954 vita
202 905 269 963 tulit,
278 906 346 953 tristi
355 906 505 963 languebunt
515 923 615 964 corpora
624 906 737 953 morbo—

139 973 263 1031 quodiam
272 989 321 1021 non
331 974 410 1021 dubiis
420 975 510 1031 poteris
520 989 663 1033 cognoscere
672 973 763 1031 signias

139 1042 256 1091 continuo
264 1044 302 1090 est
311 1042 391 1100 aegris
400 1043 463 1090 alius
473 1043 538 1091 color
546 1064 552 1101 ;
566 1043 665 1091 horrida
674 1042 771 1089 vultum

140 1111 263 1158 deformat
272 1111 375 1168 macies;
389 1112 443 1158 tum
455 1127 557 1168 corpora
565 1112 620 1159 luce
630 1113 757 1158 carentum

139 1180 272 1235 exportant
281 1179 353 1227 tectis
362 1181 389 1227 et
399 1176 485 1227 tristia
494 1181 583 1228 lunera
591 1181 684 1227 ducunt
692 1197 699 1235 3

140 1249 186 1296 aut
195 1247 250 1294 illae
259 1248 359 1304 pedibus
369 1263 472 1296 conexae
482 1249 513 1296 ad
522 1249 608 1295 limina
623 1248 736 1303 pendent,

141 1318 187 1363 aut
195 1316 262 1362 intus
272 1316 360 1364 clausis
370 1318 520 1365 cunctantur
528 1317 555 1363 in
564 1315 673 1371 aedibus,
683 1329 766 1361 omnes

141 1385 291 1444 ignavaeque
299 1385 365 1433 fame
374 1387 400 1432 ct
409 1387 536 1433 mntracto
544 1384 635 1440 ἰτίεοτθ
644 1382 728 1438 pigrae
736 1400 743 1437 ;

94 1458 131 1498 260
142 1455 197 1500 tum
208 1467 279 1500 sonus
289 1454 389 1501 auditur
397 1452 504 1511 gravior,
515 1452 662 1507 tractimque
672 1450 809 1506 susurrant,

141 1521 246 1578 frigidus
255 1523 284 1568 ut
293 1522 414 1578 quondam
424 1521 493 1570 silvis
502 1521 678 1568 immurmuret
687 1519 789 1575 Auster,

141 1591 172 1638 ut
181 1605 248 1637 mare
258 1589 387 1638 sollicitum
397 1590 483 1637 stridit
492 1589 651 1637 refluentibus
660 1586 741 1645 undis,

141 1660 239 1707 aestuat
248 1660 277 1705 ut
287 1658 376 1706 eleusis
385 1659 489 1715 rapidus
499 1658 638 1706 fornacibus
647 1656 710 1716 ignis
719 1676 725 1704 ι

141 1727 182 1776 hie
190 1729 240 1775 iam
249 1727 379 1784 galbaneos
392 1727 499 1775 suadebo
507 1727 636 1775 incendere
646 1726 732 1775 odores
815 1742 818 1746 ’

141 1795 261 1852 mellaque
270 1795 427 1843 lmrundineis
436 1795 529 1843 inferre
536 1795 669 1851 canalibus,
679 1795 746 1841 ultro

142 1865 282 1913 hortantem
292 1866 317 1911 et
326 1863 403 1912 fessas
413 1864 445 1912 ad
454 1863 544 1920 pabula
551 1865 613 1911 nota
621 1864 757 1910 vocantem.

143 1933 257 1981 Proderit
266 1934 292 1981 et
300 1935 402 1980 tunsum
412 1932 492 1992 gallae
501 1931 634 1980 admiscere
644 1946 756 1987 saporem

143 2003 287 2058 arentesque
297 2017 373 2059 rosas,
384 2004 428 2050 aut
437 2001 489 2058 igni
498 2001 600 2060 pinguia
608 2000 688 2046 multo

144 2070 251 2128 defruta,
261 2071 300 2118 rel
309 2070 401 2127 psithia
409 2085 493 2125 passos
503 2069 592 2117 devite
601 2082 710 2116 racemos

95 2155 133 2192 ²70
145 2139 334 2195 Cecropiumque
339 2139 451 2196 thymum
460 2139 486 2186 et
495 2153 570 2195 grave
580 2137 673 2185 olentia
683 2136 822 2183 centaurea.

144 2208 192 2256 Est
200 2208 275 2255 etiam
284 2208 328 2255 flos
337 2208 363 2255 in
373 2208 459 2265 pratis,
468 2207 508 2255 eui
516 2222 605 2254 nomen
614 2204 702 2253 amello

143 2276 224 2325 faeere
234 2276 362 2334 agricolae,
372 2275 452 2324 facilis
465 2275 638 2333 quaerentibus
647 2271 739 2324 berbac

144 2359 249 2400 namque
258 2360 307 2391 uno
315 2347 440 2402 ingentem
450 2346 517 2392 tollit
527 2345 558 2392 de
567 2342 672 2398 caespite
682 2338 768 2386 silvam
813 2360 816 2368 ·

144 2427 235 2460 aureus
245 2412 305 2469 ipse,
316 2413 359 2460 sed
367 2412 394 2459 in
403 2412 476 2469 foliis,
487 2427 548 2469 quae
562 2410 667 2467 plurima
677 2407 768 2455 circum

145 2481 292 2539 funduntur,
303 2481 381 2529 violae
390 2480 501 2529 sublucet
510 2495 621 2537 purpura
629 2478 714 2535 nigrae
724 2493 730 2530 t

195 2549 205 2597 (
214 2548 266 2598 ror)
