1972 3164
480 178 556 217 onus

180 277 292 333 aegrotas
301 274 369 320 tenui
379 273 480 320 suffudit
490 273 606 330 sanguine
616 290 698 331 renas,

179 358 224 390 nec
230 343 289 389 levis
295 342 340 389 hoc
345 342 438 389 faceres
445 343 529 399 (neque
535 344 598 389 enim
606 345 670 399 pote)
677 359 736 390 eura
742 343 845 401 subegit,

180 413 223 458 aut
234 411 306 458 fallor
315 431 321 467 ;
335 411 398 466 quod
407 412 436 456 ut
446 427 460 457 o
469 412 558 468 potius,
569 412 728 468 Rhamnusia,
737 412 810 458 fallar
819 416 823 459 !

179 496 236 526 nam
247 495 294 535 qua
303 482 328 526 te
338 494 412 526 causa
420 495 464 526 nec
474 480 550 526 dulcis
560 480 646 535 pocula
655 481 746 527 Bacchi

132 566 170 603 230
180 564 224 595 nec
234 547 346 606 gravidos
357 547 450 594 Cereris
461 547 538 594 dicam
548 548 686 604 contingere
696 548 778 594 tetus?

179 633 227 672 qua
236 631 310 664 causa
319 616 350 663 ad
360 616 466 671 patrium
477 616 551 662 solum
561 616 661 672 vigilare
672 616 758 672 cubile,

179 687 343 740 temporeque
352 684 429 731 fessas
439 683 552 730 mortalia
562 686 661 739 pectora
670 699 749 742 curas,

180 768 227 810 quo
236 752 334 808 rapidos
344 752 418 799 etiam
427 752 581 808 requiescunt
591 752 692 800 flumina
701 755 802 800 cursus?

179 822 217 868 dic
227 836 273 878 age
282 835 347 867 nnnc
357 821 459 867 miserae
469 820 563 876 saltem,
574 822 638 875 quod
647 836 718 877 saepe
728 821 821 877 petenti

178 889 275 936 iurabas
285 889 346 934 nihil
355 903 406 936 esse
416 889 482 946 mihi,
494 905 548 936 eum
558 892 653 937 maesta
661 890 769 946 parentis

178 957 296 1004 formosos
306 956 397 1003 circum
407 957 475 1014 virgo
486 972 605 1005 morerere
615 958 722 1013 capillos.

178 1025 200 1071 ei
210 1025 277 1080 mihi,
288 1040 318 1071 ne
328 1024 397 1071 furor
406 1025 446 1072 ille
456 1028 512 1072 tuos
522 1026 638 1072 invaserit
648 1028 726 1083 artus,

177 1093 226 1150 ille,
237 1093 334 1140 Arabae
343 1093 459 1149 Myrrhae
469 1094 589 1148 quondam
599 1093 640 1149 qui
649 1094 713 1149 cepit
722 1094 817 1150 ocellos,

178 1162 207 1208 ut
217 1161 305 1208 scelere
314 1161 415 1207 infando
425 1162 496 1218 (quod
506 1177 551 1208 nec
561 1162 625 1207 sinat
634 1162 756 1208 Adrastea
763 1163 784 1217 Ξ)

131 1249 169 1285 240
178 1230 274 1277 laedere
283 1231 412 1283 utrumque
422 1245 470 1275 uno
480 1230 577 1275 studeas
587 1244 668 1276 errore
678 1232 812 1284 parentem.

179 1299 242 1354 quod
252 1298 272 1343 si
281 1297 329 1344 alie
339 1297 421 1352 quovis
430 1296 504 1343 animi
513 1297 612 1344 iactaris
622 1312 712 1354 amore,

179 1367 245 1423 (nam
255 1367 281 1412 te
290 1365 387 1420 iactari,
398 1380 446 1411 non
456 1367 494 1411 est
503 1365 649 1412 Amathusia
658 1366 736 1412 nostri

177 1436 229 1481 tam
239 1433 306 1480 rudis
316 1435 345 1479 ut
354 1432 421 1479 nullo
431 1432 520 1488 possim
530 1448 672 1488 cognoscere
683 1433 769 1490 signo),

178 1503 199 1550 si
208 1517 334 1550 concessus
344 1516 412 1548 amor
421 1504 479 1548 note
489 1502 514 1548 te
524 1502 631 1548 macerat
640 1501 705 1558 igne,

177 1586 221 1626 per
229 1569 275 1617 tibi
285 1569 422 1625 Dictynnae
432 1569 570 1624 praesentia
579 1569 680 1616 numina
689 1570 752 1626 iuro,

177 1639 257 1694 prima
265 1637 336 1684 deum
346 1637 441 1684 dulcem
450 1637 510 1683 mihi
519 1639 544 1684 ts
553 1652 615 1692 quae
625 1638 700 1685 donat
710 1638 842 1695 alumnam,

176 1707 258 1753 omnia
267 1721 305 1752 me
315 1706 395 1761 potius
403 1705 476 1762 digna
485 1707 557 1761 atque
566 1706 667 1765 indigna
675 1707 785 1754 laborum

177 1774 245 1821 milia
254 1775 369 1830 visuram,
380 1789 453 1829 quam
462 1775 488 1820 te
497 1776 549 1820 tam
558 1775 669 1821 tristibus
679 1774 733 1821 istis

178 1842 287 1890 sordibus
297 1843 322 1889 et
332 1857 400 1889 scora
409 1842 491 1898 patiar
500 1842 621 1890 tabescere
630 1843 683 1891 tali.
694 1844 701 1864 '

130 1921 167 1958 ²50
206 1911 276 1957 Haeo
285 1909 399 1966 loquitur,
409 1909 522 1966 mollique
532 1912 561 1957 ut
571 1926 596 1958 se
605 1911 695 1958 velavit
705 1911 805 1966 amictu,

178 1978 318 2035 trigidulam
328 1979 417 2026 iniecta
427 1979 561 2026 circumdat
570 1981 637 2026 reste
647 1979 761 2034 puellam,

178 2062 239 2102 qnae
249 2047 316 2102 prius
326 2047 352 2093 in
361 2046 430 2094 tenui
440 2048 543 2093 steterat
552 2047 676 2093 succincta
684 2048 788 2093 orecota.

178 2115 258 2162 dulcia
268 2115 352 2161 deinde
361 2115 429 2171 genis
439 2113 579 2160 rorantibus
589 2113 671 2160 oscula
680 2114 756 2170 figens

178 2183 330 2238 persequitur
339 2183 440 2229 miserae
451 2197 536 2228 causas
546 2181 670 2236 exquirere
680 2181 751 2238 tabis,

177 2268 222 2299 nec
230 2254 314 2298 tamen
324 2255 382 2299 ante
392 2252 454 2298 ullas
465 2252 560 2306 patitur
569 2251 615 2297 sibi
624 2251 723 2298 reddere
733 2265 810 2306 voees,

176 2336 336 2368 marmoreum
342 2320 501 2368 tremebunda
508 2319 592 2375 pedem
598 2334 670 2374 quam
676 2319 772 2365 rettulit
779 2318 853 2365 intra.

177 2389 219 2436 illa
238 2391 319 2436 autem
342 2390 408 2445 ‘quid
428 2389 482 2447 me',
503 2387 590 2444 inquit,
608 2387 643 2435 ‘ie
657 2387 786 2443 nutricula,
804 2388 853 2433 ter-

233 2460 307 2512 ques?

226 2525 279 2574 (465
289 2528 296 2575 )
