1972 3164
324 179 434 220 AENEIS.
460 180 491 219 vl

70 273 131 333 Quis
140 274 244 324 Grsoohi
253 291 329 332 genus
338 279 382 324 eut
391 277 508 335 geminos,
515 277 563 325 duo
571 278 675 327 fulmins
680 279 745 338 belli,

70 343 203 401 Scipiades,
213 343 306 392 eisdem
316 345 414 402 Libyae,
425 361 547 402 parvoque
556 348 680 402 potentem

69 411 209 460 Fabricium
218 411 257 460 vel
266 414 291 461 te
299 413 374 470 sulco,
385 414 497 472 Serrane,
508 416 645 462 serentem?

70 479 125 538 Quo
134 479 225 528 fessum
234 481 329 539 rapitis,
339 481 427 530 Fabii?
451 482 490 529 Tu
499 483 623 531 Maximus
632 483 673 531 illo
683 499 717 541 es,

69 564 135 597 nnus
144 548 185 605 qui
194 548 263 596 nobis
272 551 408 598 eunetsndo
417 551 526 598 restituis
535 566 595 598 rem.

71 617 201 667 Excudent
214 617 256 664 alii
265 618 384 674 spirantia
393 619 488 666 mollius
499 635 564 677 sere,
638 664 640 666 .

71 685 144 734 oredo
152 685 269 743 equidem,
280 686 347 734 vivos
357 687 446 734 duoent
455 687 485 735 de
494 703 615 736 marmore
624 688 717 745 vultus,

70 753 176 800 orabunt
185 769 270 801 musas
280 754 374 812 melius,
385 755 491 812 caelique
501 759 595 804 mestus

21 830 61 876 850
71 821 208 870 describent
216 822 285 870 radio
294 825 320 870 et
330 824 455 882 surgentis
464 825 544 873 sidere
552 825 647 873 dicent:

71 891 101 937 tu
110 905 194 948 regere
203 891 304 946 imperio
313 891 423 949 populos,
433 892 549 950 Romane,
560 896 681 941 memento
690 912 696 950 3

70 959 118 1006 hee
127 958 173 1006 tibi
182 961 256 1006 erunt
265 961 332 1007 artes
340 979 346 1016 3
360 960 472 1016 pacisque
481 961 603 1017 imponere
612 976 712 1020 morem,

70 1042 171 1084 peroere
181 1027 295 1075 subiectis
304 1029 329 1075 et
339 1028 458 1076 debellare
468 1030 599 1084 superbos!

100 1095 139 1142 sic
149 1097 219 1151 peter
228 1095 354 1152 Anchises,
360 1098 432 1152 etque
441 1097 502 1144 huso
509 1097 653 1144 mirantibus
662 1097 731 1144 addit
740 1118 745 1144 :

71 1163 175 1219 ‘Aspioe
184 1165 214 1210 ut
222 1163 325 1222 insignis
335 1164 417 1220 spoliis
427 1165 557 1212 Marcellus
567 1165 653 1220 opimis

70 1231 216 1290 ingreditur,
227 1232 351 1288 victorque
361 1232 425 1279 viros
436 1233 598 1288 supereminet
607 1236 704 1280 omnes!

71 1300 122 1347 Hie
131 1314 183 1347 rem
193 1301 329 1348 Romanam
339 1316 428 1358 magno
438 1301 554 1348 turbante
563 1300 673 1347 tumultu

71 1368 152 1425 sistet,
163 1383 233 1424 eques
244 1371 337 1417 sternet
344 1369 437 1416 Poenos
447 1368 590 1423 Gallumque
600 1368 722 1424 rebellem,

70 1437 192 1492 tertiaque
200 1452 270 1484 srms
280 1437 346 1493 putri
355 1438 485 1492 suspendet
494 1439 567 1492 eapte
576 1436 693 1493 Quirino!

23 1513 61 1552 εσυ
71 1505 154 1561 Ateus
163 1505 203 1553 hie
211 1505 307 1552 Aeneas
317 1506 376 1563 (uns
385 1520 488 1560 nemque
497 1505 533 1551 ire
542 1504 640 1551 videbat

71 1572 196 1631 egregium
205 1573 285 1620 forma
293 1573 403 1620 iuvenem
413 1575 439 1620 et
449 1573 598 1628 fulgentibus
608 1573 690 1629 ermis,

72 1641 115 1689 sed
123 1640 192 1687 irone
201 1640 267 1687 laets
275 1656 362 1695 perum
372 1642 397 1687 et
407 1641 499 1687 deiecto
509 1639 601 1687 lumine
610 1641 690 1697 vultu)
699 1661 705 1687 z

73 1709 80 1731 ‘
89 1709 157 1766 Quis,
165 1710 244 1765 peter,
251 1709 300 1765 ille,
307 1708 387 1755 virum
397 1709 438 1765 qni
447 1708 481 1756 sie
493 1709 623 1756 comitetur
632 1711 748 1756 euntem?

72 1777 146 1834 illius,
157 1791 220 1824 enne
231 1776 318 1832 aliquis
327 1792 417 1833 magne
429 1777 459 1824 de
468 1777 543 1833 stirpe
553 1779 685 1833 nepotum?

73 1845 120 1902 Qui
137 1845 254 1901 strepitus
269 1845 334 1893 eires
351 1845 480 1892 comitum!
501 1847 618 1901 quantum
631 1846 710 1893 instar
721 1846 747 1893 in

128 1913 194 1970 ipso!

73 1982 121 2030 Sed
131 1997 179 2029 uox
188 1983 244 2029 atre
254 1985 328 2038 eaput
335 1983 402 2030 tristi
411 1983 568 2030 circumvolet
577 1982 680 2029 umbrs.’

73 2051 138 2098 Tum
148 2052 219 2106 pater
228 2051 461 2098 Anchises'leon'mis
471 2051 594 2106 ingressus
604 2050 694 2098 obortis
704 2070 709 2096 ε

74 2119 81 2140 ‘
91 2119 113 2166 Ο
122 2121 190 2175 nate,
199 2119 322 2175 ingentem
332 2120 425 2167 luctum
435 2135 465 2166 ne
475 2134 562 2174 quaere
572 2120 677 2164 tuorum.

74 2188 210 2235 Ostendent
220 2188 293 2234 terris
302 2187 367 2235 huno
377 2188 474 2233 tentum
484 2187 539 2233 iate
547 2201 623 2241 neque
632 2186 698 2232 ultra

22 2263 62 2310 870
74 2271 126 2304 esse
136 2256 225 2303 sinent.
255 2256 363 2304 Nimium
374 2254 440 2302 vobis
450 2255 561 2301 Romans
570 2269 677 2310 propago

73 2326 126 2372 vise
136 2326 230 2381 potens,
241 2325 330 2381 superi,
341 2324 439 2380 propris
448 2323 508 2370 haec
518 2323 538 2369 si
548 2322 612 2369 done
620 2322 731 2368 fuissent.

73 2393 185 2450 Quantos
195 2392 235 2439 ille
244 2392 324 2438 virum
334 2406 448 2447 magnum
458 2390 578 2436 Mavortis
588 2389 619 2435 ed
628 2389 711 2435 urbem

72 2476 174 2517 osmpus
184 2461 240 2517 eget
250 2461 355 2517 gemitus
366 2463 371 2507 l
386 2458 425 2506 vel
435 2473 504 2514 qnae,
516 2457 635 2514 Tiberine,
646 2457 736 2504 videbis

121 2529 193 2577 (265)
389 2537 416 2576 13
