<?xml version="1.0" encoding="UTF-8"?>
<!DOCTYPE html PUBLIC "-//W3C//DTD XHTML 1.0 Transitional//EN"
    "http://www.w3.org/TR/xhtml1/DTD/xhtml1-transitional.dtd">
<html xmlns="http://www.w3.org/1999/xhtml" xml:lang="en" lang="en">
 <head>
  <title>
</title>
<meta http-equiv="Content-Type" content="text/html;charset=utf-8" />
  <meta name='ocr-system' content='tesseract 3.04.00' />
  <meta name='ocr-capabilities' content='ocr_page ocr_carea ocr_par ocr_line ocrx_word'/>
</head>
<body>
  <div class='ocr_page' id='page_1' title='image "./pvergilimaronis07virggoog/pvergilimaronis07virggoog_0104.png"; bbox 0 0 1972 3164; ppageno 0'>
   <div class='ocr_carea' id='block_1_1' title="bbox 294 168 502 210">
    <p class='ocr_par' dir='ltr' id='par_1_1' title="bbox 294 168 502 210">
     <span class='ocr_line' id='line_1_1' title="bbox 294 168 502 210; baseline 0.01 -2"><span class='ocrx_word' id='word_1_1' title='bbox 294 168 445 210; x_wconf 80' lang='lat' dir='ltr'><strong>GEORGIOA.</strong></span> <span class='ocrx_word' id='word_1_2' title='bbox 470 170 502 210; x_wconf 88' lang='lat' dir='ltr'>IV</span> 
     </span>
    </p>
   </div>
   <div class='ocr_carea' id='block_1_2' title="bbox 20 265 735 2582">
    <p class='ocr_par' dir='ltr' id='par_1_2' title="bbox 20 265 735 2582">
     <span class='ocr_line' id='line_1_2' title="bbox 86 265 734 324; baseline 0.006 -10"><span class='ocrx_word' id='word_1_3' title='bbox 86 265 156 324; x_wconf 82' lang='lat' dir='ltr'>Quod</span> <span class='ocrx_word' id='word_1_4' title='bbox 174 268 293 324; x_wconf 88' lang='lat' dir='ltr'>superest,</span> <span class='ocrx_word' id='word_1_5' title='bbox 302 267 344 314; x_wconf 85' lang='lat' dir='ltr'>ubi</span> <span class='ocrx_word' id='word_1_6' title='bbox 360 268 454 324; x_wconf 82' lang='lat' dir='ltr'>pulsem</span> <span class='ocrx_word' id='word_1_7' title='bbox 469 268 572 314; x_wconf 85' lang='lat' dir='ltr'>hiemem</span> <span class='ocrx_word' id='word_1_8' title='bbox 591 268 632 316; x_wconf 86' lang='lat' dir='ltr'>Sol</span> <span class='ocrx_word' id='word_1_9' title='bbox 646 285 734 318; x_wconf 83' lang='lat' dir='ltr'>aureus</span> 
     </span>
     <span class='ocr_line' id='line_1_3' title="bbox 113 337 164 393; baseline 0 -11"><span class='ocrx_word' id='word_1_10' title='bbox 113 337 164 393; x_wconf 73' lang='lat' dir='ltr'>egit</span> 
     </span>
     <span class='ocr_line' id='line_1_4' title="bbox 55 405 626 463; baseline 0 -9"><span class='ocrx_word' id='word_1_11' title='bbox 55 405 102 454; x_wconf 80' lang='lat' dir='ltr'>sub</span> <span class='ocrx_word' id='word_1_12' title='bbox 112 406 193 452; x_wconf 84' lang='lat' dir='ltr'>terras</span> <span class='ocrx_word' id='word_1_13' title='bbox 203 405 343 461; x_wconf 88' lang='lat' dir='ltr'>caelumque</span> <span class='ocrx_word' id='word_1_14' title='bbox 354 406 446 453; x_wconf 86' lang='lat' dir='ltr'>aestiva</span> <span class='ocrx_word' id='word_1_15' title='bbox 455 405 509 454; x_wconf 85' lang='lat' dir='ltr'>luce</span> <span class='ocrx_word' id='word_1_16' title='bbox 518 406 626 463; x_wconf 86' lang='lat' dir='ltr'>reclusit,</span> 
     </span>
     <span class='ocr_line' id='line_1_5' title="bbox 54 474 600 534; baseline 0 -12"><span class='ocrx_word' id='word_1_17' title='bbox 54 474 113 522; x_wconf 82' lang='lat' dir='ltr'>illae</span> <span class='ocrx_word' id='word_1_18' title='bbox 124 474 239 522; x_wconf 87' lang='lat' dir='ltr'>continuo</span> <span class='ocrx_word' id='word_1_19' title='bbox 249 475 327 521; x_wconf 88' lang='lat' dir='ltr'>saltus</span> <span class='ocrx_word' id='word_1_20' title='bbox 338 475 456 531; x_wconf 81' lang='lat' dir='ltr'>silvasque</span> <span class='ocrx_word' id='word_1_21' title='bbox 467 479 600 534; x_wconf 81' lang='lat' dir='ltr'>peragrant</span> 
     </span>
     <span class='ocr_line' id='line_1_6' title="bbox 56 543 657 599; baseline 0.007 -12"><span class='ocrx_word' id='word_1_22' title='bbox 56 557 238 599; x_wconf 79' lang='lat' dir='ltr'>purpureosque</span> <span class='ocrx_word' id='word_1_23' title='bbox 247 544 343 590; x_wconf 86' lang='lat' dir='ltr'>metunt</span> <span class='ocrx_word' id='word_1_24' title='bbox 353 543 423 591; x_wconf 86' lang='lat' dir='ltr'>flores</span> <span class='ocrx_word' id='word_1_25' title='bbox 433 546 458 591; x_wconf 90' lang='lat' dir='ltr'>et</span> <span class='ocrx_word' id='word_1_26' title='bbox 465 544 566 591; x_wconf 89' lang='lat' dir='ltr'>flumina</span> <span class='ocrx_word' id='word_1_27' title='bbox 578 545 657 591; x_wconf 86' lang='lat' dir='ltr'>libant</span> 
     </span>
     <span class='ocr_line' id='line_1_7' title="bbox 56 611 701 668; baseline -0.002 -8"><span class='ocrx_word' id='word_1_28' title='bbox 56 626 153 660; x_wconf 88' lang='lat' dir='ltr'>summa</span> <span class='ocrx_word' id='word_1_29' title='bbox 160 611 234 659; x_wconf 64' lang='lat' dir='ltr'>leves,</span> <span class='ocrx_word' id='word_1_30' title='bbox 264 611 330 659; x_wconf 88' lang='lat' dir='ltr'>Hinc</span> <span class='ocrx_word' id='word_1_31' title='bbox 339 612 419 660; x_wconf 87' lang='lat' dir='ltr'>nescio</span> <span class='ocrx_word' id='word_1_32' title='bbox 431 628 479 668; x_wconf 89' lang='lat' dir='ltr'>qua</span> <span class='ocrx_word' id='word_1_33' title='bbox 488 613 613 660; x_wconf 87' lang='lat' dir='ltr'>dulcedine</span> <span class='ocrx_word' id='word_1_34' title='bbox 623 613 701 659; x_wconf 83' lang='lat' dir='ltr'>lasiae</span> 
     </span>
     <span class='ocr_line' id='line_1_8' title="bbox 58 679 676 738; baseline 0.005 -12"><span class='ocrx_word' id='word_1_35' title='bbox 58 679 200 737; x_wconf 75' lang='lat' dir='ltr'>progeniem</span> <span class='ocrx_word' id='word_1_36' title='bbox 209 680 325 736; x_wconf 79' lang='lat' dir='ltr'>nidosque</span> <span class='ocrx_word' id='word_1_37' title='bbox 334 680 426 738; x_wconf 80' lang='lat' dir='ltr'>fovent,</span> <span class='ocrx_word' id='word_1_38' title='bbox 437 681 494 729; x_wconf 89' lang='lat' dir='ltr'>hinc</span> <span class='ocrx_word' id='word_1_39' title='bbox 504 683 557 730; x_wconf 86' lang='lat' dir='ltr'>arte</span> <span class='ocrx_word' id='word_1_40' title='bbox 568 683 676 729; x_wconf 86' lang='lat' dir='ltr'>recentes</span> 
     </span>
     <span class='ocr_line' id='line_1_9' title="bbox 56 748 598 807; baseline 0.004 -12"><span class='ocrx_word' id='word_1_41' title='bbox 56 748 181 796; x_wconf 82' lang='lat' dir='ltr'>excudunt</span> <span class='ocrx_word' id='word_1_42' title='bbox 191 763 258 796; x_wconf 85' lang='lat' dir='ltr'>ceras</span> <span class='ocrx_word' id='word_1_43' title='bbox 267 750 293 796; x_wconf 86' lang='lat' dir='ltr'>et</span> <span class='ocrx_word' id='word_1_44' title='bbox 306 749 379 796; x_wconf 84' lang='lat' dir='ltr'>mella</span> <span class='ocrx_word' id='word_1_45' title='bbox 388 750 485 797; x_wconf 79' lang='lat' dir='ltr'>tenacis</span> <span class='ocrx_word' id='word_1_46' title='bbox 494 751 598 807; x_wconf 78' lang='lat' dir='ltr'>fingunt.</span> 
     </span>
     <span class='ocr_line' id='line_1_10' title="bbox 57 816 649 866; baseline 0.003 -2"><span class='ocrx_word' id='word_1_47' title='bbox 57 817 125 864; x_wconf 87' lang='lat' dir='ltr'>Hinc</span> <span class='ocrx_word' id='word_1_48' title='bbox 133 816 176 864; x_wconf 84' lang='lat' dir='ltr'>ubi</span> <span class='ocrx_word' id='word_1_49' title='bbox 184 818 234 864; x_wconf 88' lang='lat' dir='ltr'>iam</span> <span class='ocrx_word' id='word_1_50' title='bbox 245 819 359 866; x_wconf 85' lang='lat' dir='ltr'>emissum</span> <span class='ocrx_word' id='word_1_51' title='bbox 369 819 448 866; x_wconf 76' lang='lat' dir='ltr'>caveis</span> <span class='ocrx_word' id='word_1_52' title='bbox 458 819 490 866; x_wconf 84' lang='lat' dir='ltr'>ad</span> <span class='ocrx_word' id='word_1_53' title='bbox 499 819 579 866; x_wconf 86' lang='lat' dir='ltr'>sidera</span> <span class='ocrx_word' id='word_1_54' title='bbox 588 820 649 866; x_wconf 85' lang='lat' dir='ltr'>caeli</span> 
     </span>
     <span class='ocr_line' id='line_1_11' title="bbox 56 887 667 945; baseline 0.002 -12"><span class='ocrx_word' id='word_1_55' title='bbox 56 900 118 933; x_wconf 86' lang='lat' dir='ltr'>nare</span> <span class='ocrx_word' id='word_1_56' title='bbox 127 901 171 942; x_wconf 86' lang='lat' dir='ltr'>per</span> <span class='ocrx_word' id='word_1_57' title='bbox 180 888 299 934; x_wconf 85' lang='lat' dir='ltr'>aestatem</span> <span class='ocrx_word' id='word_1_58' title='bbox 309 887 425 942; x_wconf 79' lang='lat' dir='ltr'><strong>liquidam</strong></span> <span class='ocrx_word' id='word_1_59' title='bbox 435 888 570 943; x_wconf 79' lang='lat' dir='ltr'>suspexeris</span> <span class='ocrx_word' id='word_1_60' title='bbox 580 904 667 945; x_wconf 72' lang='lat' dir='ltr'>agmen</span> 
     </span>
     <span class='ocr_line' id='line_1_12' title="bbox 20 953 627 1014; baseline 0 -11"><span class='ocrx_word' id='word_1_61' title='bbox 20 965 47 1003; x_wconf 83' lang='grc' dir='ltr'>6ο</span> <span class='ocrx_word' id='word_1_62' title='bbox 56 953 233 1011; x_wconf 80' lang='lat' dir='ltr'>obscuramque</span> <span class='ocrx_word' id='word_1_63' title='bbox 242 956 309 1002; x_wconf 90' lang='lat' dir='ltr'>trahi</span> <span class='ocrx_word' id='word_1_64' title='bbox 317 958 391 1003; x_wconf 80' lang='lat' dir='ltr'>vento</span> <span class='ocrx_word' id='word_1_65' title='bbox 401 956 520 1003; x_wconf 84' lang='lat' dir='ltr'>mirabere</span> <span class='ocrx_word' id='word_1_66' title='bbox 530 956 627 1014; x_wconf 89' lang='lat' dir='ltr'>nubem,</span> 
     </span>
     <span class='ocr_line' id='line_1_13' title="bbox 56 1023 685 1081; baseline 0.002 -11"><span class='ocrx_word' id='word_1_67' title='bbox 56 1023 252 1079; x_wconf 82' lang='lat' dir='ltr'>contemplator:</span> <span class='ocrx_word' id='word_1_68' title='bbox 268 1040 342 1080; x_wconf 81' lang='lat' dir='ltr'>aquus</span> <span class='ocrx_word' id='word_1_69' title='bbox 353 1025 435 1072; x_wconf 81' lang='lat' dir='ltr'>dulces</span> <span class='ocrx_word' id='word_1_70' title='bbox 445 1026 470 1071; x_wconf 90' lang='lat' dir='ltr'>et</span> <span class='ocrx_word' id='word_1_71' title='bbox 479 1024 581 1072; x_wconf 81' lang='lat' dir='ltr'>frondes</span> <span class='ocrx_word' id='word_1_72' title='bbox 590 1040 685 1081; x_wconf 87' lang='lat' dir='ltr'>semper</span> 
     </span>
     <span class='ocr_line' id='line_1_14' title="bbox 55 1092 667 1150; baseline 0.002 -11"><span class='ocrx_word' id='word_1_73' title='bbox 55 1093 126 1139; x_wconf 83' lang='lat' dir='ltr'>tecta</span> <span class='ocrx_word' id='word_1_74' title='bbox 134 1093 229 1148; x_wconf 86' lang='lat' dir='ltr'>petunt.</span> <span class='ocrx_word' id='word_1_75' title='bbox 260 1092 317 1140; x_wconf 92' lang='lat' dir='ltr'>Huc</span> <span class='ocrx_word' id='word_1_76' title='bbox 327 1094 356 1139; x_wconf 89' lang='lat' dir='ltr'>tu</span> <span class='ocrx_word' id='word_1_77' title='bbox 365 1093 442 1140; x_wconf 87' lang='lat' dir='ltr'>iussos</span> <span class='ocrx_word' id='word_1_78' title='bbox 452 1108 552 1149; x_wconf 75' lang='lat' dir='ltr'>asperge</span> <span class='ocrx_word' id='word_1_79' title='bbox 562 1108 667 1150; x_wconf 86' lang='lat' dir='ltr'>sapores,</span> 
     </span>
     <span class='ocr_line' id='line_1_15' title="bbox 55 1160 677 1219; baseline 0.003 -13"><span class='ocrx_word' id='word_1_80' title='bbox 55 1160 120 1207; x_wconf 86' lang='lat' dir='ltr'>trita</span> <span class='ocrx_word' id='word_1_81' title='bbox 128 1160 279 1217; x_wconf 75' lang='lat' dir='ltr'>melisphylla</span> <span class='ocrx_word' id='word_1_82' title='bbox 288 1163 313 1209; x_wconf 86' lang='lat' dir='ltr'>ct</span> <span class='ocrx_word' id='word_1_83' title='bbox 324 1162 447 1209; x_wconf 83' lang='lat' dir='ltr'>cerinthae</span> <span class='ocrx_word' id='word_1_84' title='bbox 453 1161 557 1218; x_wconf 76' lang='lat' dir='ltr'>ignobile</span> <span class='ocrx_word' id='word_1_85' title='bbox 568 1177 677 1219; x_wconf 81' lang='lat' dir='ltr'>gramen,</span> 
     </span>
     <span class='ocr_line' id='line_1_16' title="bbox 55 1228 706 1286; baseline 0.003 -11"><span class='ocrx_word' id='word_1_86' title='bbox 55 1228 209 1285; x_wconf 86' lang='lat' dir='ltr'>tinnitusque</span> <span class='ocrx_word' id='word_1_87' title='bbox 218 1229 253 1277; x_wconf 89' lang='lat' dir='ltr'>cie</span> <span class='ocrx_word' id='word_1_88' title='bbox 263 1233 289 1278; x_wconf 88' lang='lat' dir='ltr'>et</span> <span class='ocrx_word' id='word_1_89' title='bbox 298 1230 388 1278; x_wconf 78' lang='lat' dir='ltr'>Metuis</span> <span class='ocrx_word' id='word_1_90' title='bbox 399 1233 471 1286; x_wconf 87' lang='lat' dir='ltr'>quate</span> <span class='ocrx_word' id='word_1_91' title='bbox 482 1230 593 1286; x_wconf 77' lang='lat' dir='ltr'>cymbala</span> <span class='ocrx_word' id='word_1_92' title='bbox 601 1231 706 1277; x_wconf 87' lang='lat' dir='ltr'>circum:</span> 
     </span>
     <span class='ocr_line' id='line_1_17' title="bbox 54 1297 586 1354; baseline -0.002 -10"><span class='ocrx_word' id='word_1_93' title='bbox 54 1297 124 1354; x_wconf 86' lang='lat' dir='ltr'>ipsae</span> <span class='ocrx_word' id='word_1_94' title='bbox 134 1298 259 1346; x_wconf 84' lang='lat' dir='ltr'>consident</span> <span class='ocrx_word' id='word_1_95' title='bbox 269 1298 393 1346; x_wconf 89' lang='lat' dir='ltr'>medicatis</span> <span class='ocrx_word' id='word_1_96' title='bbox 404 1298 509 1353; x_wconf 89' lang='lat' dir='ltr'>sedibus,</span> <span class='ocrx_word' id='word_1_97' title='bbox 519 1298 586 1352; x_wconf 84' lang='lat' dir='ltr'>ipsae</span> 
     </span>
     <span class='ocr_line' id='line_1_18' title="bbox 56 1365 626 1415; baseline -0.004 -1"><span class='ocrx_word' id='word_1_98' title='bbox 56 1365 146 1414; x_wconf 88' lang='lat' dir='ltr'>intima</span> <span class='ocrx_word' id='word_1_99' title='bbox 155 1380 221 1413; x_wconf 91' lang='lat' dir='ltr'>more</span> <span class='ocrx_word' id='word_1_100' title='bbox 231 1381 275 1414; x_wconf 87' lang='lat' dir='ltr'>suo</span> <span class='ocrx_word' id='word_1_101' title='bbox 284 1382 335 1415; x_wconf 87' lang='lat' dir='ltr'>sese</span> <span class='ocrx_word' id='word_1_102' title='bbox 344 1367 370 1413; x_wconf 89' lang='lat' dir='ltr'>in</span> <span class='ocrx_word' id='word_1_103' title='bbox 381 1365 504 1414; x_wconf 87' lang='lat' dir='ltr'>cunabula</span> <span class='ocrx_word' id='word_1_104' title='bbox 513 1365 626 1413; x_wconf 88' lang='lat' dir='ltr'>condent.</span> 
     </span>
     <span class='ocr_line' id='line_1_19' title="bbox 86 1433 735 1491; baseline -0.002 -10"><span class='ocrx_word' id='word_1_105' title='bbox 86 1433 131 1481; x_wconf 85' lang='lat' dir='ltr'>Sin</span> <span class='ocrx_word' id='word_1_106' title='bbox 154 1436 237 1482; x_wconf 80' lang='lat' dir='ltr'>autem</span> <span class='ocrx_word' id='word_1_107' title='bbox 260 1435 293 1482; x_wconf 87' lang='lat' dir='ltr'>ad</span> <span class='ocrx_word' id='word_1_108' title='bbox 318 1450 425 1491; x_wconf 78' lang='lat' dir='ltr'>pugnam</span> <span class='ocrx_word' id='word_1_109' title='bbox 452 1433 641 1481; x_wconf 82' lang='lat' dir='ltr'>exierint—nam</span> <span class='ocrx_word' id='word_1_110' title='bbox 664 1448 735 1490; x_wconf 82' lang='lat' dir='ltr'>saepe</span> 
     </span>
     <span class='ocr_line' id='line_1_20' title="bbox 114 1502 207 1551; baseline 0 -1"><span class='ocrx_word' id='word_1_111' title='bbox 114 1502 207 1551; x_wconf 89' lang='lat' dir='ltr'>duobus</span> 
     </span>
     <span class='ocr_line' id='line_1_21' title="bbox 55 1571 586 1631; baseline 0 -13"><span class='ocrx_word' id='word_1_112' title='bbox 55 1571 156 1629; x_wconf 73' lang='lat' dir='ltr'>regibus</span> <span class='ocrx_word' id='word_1_113' title='bbox 165 1571 263 1620; x_wconf 85' lang='lat' dir='ltr'>incessit</span> <span class='ocrx_word' id='word_1_114' title='bbox 273 1587 362 1631; x_wconf 76' lang='lat' dir='ltr'>magno</span> <span class='ocrx_word' id='word_1_115' title='bbox 372 1571 492 1619; x_wconf 88' lang='lat' dir='ltr'>discordia</span> <span class='ocrx_word' id='word_1_116' title='bbox 500 1573 569 1617; x_wconf 90' lang='lat' dir='ltr'>motu</span> <span class='ocrx_word' id='word_1_117' title='bbox 580 1591 586 1618; x_wconf 74' lang='grc' dir='ltr'><strong>ε</strong></span> 
     </span>
     <span class='ocr_line' id='line_1_22' title="bbox 56 1638 667 1696; baseline -0.005 -8"><span class='ocrx_word' id='word_1_118' title='bbox 56 1639 220 1696; x_wconf 85' lang='lat' dir='ltr'>continuoque</span> <span class='ocrx_word' id='word_1_119' title='bbox 229 1641 322 1688; x_wconf 87' lang='lat' dir='ltr'>animos</span> <span class='ocrx_word' id='word_1_120' title='bbox 332 1640 400 1696; x_wconf 70' lang='lat' dir='ltr'>vulgi</span> <span class='ocrx_word' id='word_1_121' title='bbox 410 1642 436 1687; x_wconf 87' lang='lat' dir='ltr'>ct</span> <span class='ocrx_word' id='word_1_122' title='bbox 445 1639 594 1696; x_wconf 70' lang='lat' dir='ltr'>trepidantia</span> <span class='ocrx_word' id='word_1_123' title='bbox 604 1638 667 1686; x_wconf 88' lang='lat' dir='ltr'>bello</span> 
     </span>
     <span class='ocr_line' id='line_1_23' title="bbox 22 1708 713 1766; baseline -0.004 -9"><span class='ocrx_word' id='word_1_124' title='bbox 22 1729 48 1766; x_wconf 79' lang='lat'>70</span> <span class='ocrx_word' id='word_1_125' title='bbox 56 1709 133 1757; x_wconf 86' lang='lat' dir='ltr'>corda</span> <span class='ocrx_word' id='word_1_126' title='bbox 141 1708 199 1756; x_wconf 89' lang='lat' dir='ltr'>licet</span> <span class='ocrx_word' id='word_1_127' title='bbox 207 1709 279 1766; x_wconf 77' lang='lat' dir='ltr'>longe</span> <span class='ocrx_word' id='word_1_128' title='bbox 288 1709 448 1765; x_wconf 76' lang='lat' dir='ltr'>praesciscere</span> <span class='ocrx_word' id='word_1_129' title='bbox 460 1729 465 1756; x_wconf 76' lang='grc' dir='ltr'><strong>ι</strong></span> <span class='ocrx_word' id='word_1_130' title='bbox 480 1724 583 1764; x_wconf 86' lang='lat' dir='ltr'>namque</span> <span class='ocrx_word' id='word_1_131' title='bbox 591 1710 713 1755; x_wconf 75' lang='lat' dir='ltr'>morantes</span> 
     </span>
     <span class='ocr_line' id='line_1_24' title="bbox 56 1777 670 1834; baseline -0.002 -9"><span class='ocrx_word' id='word_1_132' title='bbox 56 1777 165 1826; x_wconf 78' lang='lat' dir='ltr'>Martius</span> <span class='ocrx_word' id='word_1_133' title='bbox 174 1777 216 1825; x_wconf 89' lang='lat' dir='ltr'>ille</span> <span class='ocrx_word' id='word_1_134' title='bbox 225 1778 287 1825; x_wconf 83' lang='lat' dir='ltr'>aeris</span> <span class='ocrx_word' id='word_1_135' title='bbox 297 1778 366 1825; x_wconf 90' lang='lat' dir='ltr'>rauci</span> <span class='ocrx_word' id='word_1_136' title='bbox 375 1793 449 1825; x_wconf 88' lang='lat' dir='ltr'>canor</span> <span class='ocrx_word' id='word_1_137' title='bbox 458 1777 577 1834; x_wconf 90' lang='lat' dir='ltr'>increpat,</span> <span class='ocrx_word' id='word_1_138' title='bbox 588 1780 614 1824; x_wconf 85' lang='lat' dir='ltr'>et</span> <span class='ocrx_word' id='word_1_139' title='bbox 623 1792 670 1824; x_wconf 84' lang='lat' dir='ltr'>vox</span> 
     </span>
     <span class='ocr_line' id='line_1_25' title="bbox 56 1845 608 1903; baseline -0.004 -9"><span class='ocrx_word' id='word_1_140' title='bbox 56 1846 159 1894; x_wconf 85' lang='lat' dir='ltr'>auditur</span> <span class='ocrx_word' id='word_1_141' title='bbox 167 1845 260 1894; x_wconf 78' lang='lat' dir='ltr'>fractos</span> <span class='ocrx_word' id='word_1_142' title='bbox 270 1846 363 1895; x_wconf 86' lang='lat' dir='ltr'>sonitus</span> <span class='ocrx_word' id='word_1_143' title='bbox 372 1847 470 1893; x_wconf 86' lang='lat' dir='ltr'>imitata</span> <span class='ocrx_word' id='word_1_144' title='bbox 478 1846 593 1893; x_wconf 85' lang='lat' dir='ltr'>tubarum</span> <span class='ocrx_word' id='word_1_145' title='bbox 601 1865 608 1903; x_wconf 91' lang='lat'>;</span> 
     </span>
     <span class='ocr_line' id='line_1_26' title="bbox 56 1915 716 1971; baseline 0 -9"><span class='ocrx_word' id='word_1_146' title='bbox 56 1916 112 1962; x_wconf 88' lang='lat' dir='ltr'>tum</span> <span class='ocrx_word' id='word_1_147' title='bbox 121 1915 232 1971; x_wconf 87' lang='lat' dir='ltr'>trepidae</span> <span class='ocrx_word' id='word_1_148' title='bbox 241 1916 341 1963; x_wconf 85' lang='lat' dir='ltr'>interes</span> <span class='ocrx_word' id='word_1_149' title='bbox 352 1917 438 1962; x_wconf 92' lang='lat' dir='ltr'>coeunt</span> <span class='ocrx_word' id='word_1_150' title='bbox 448 1915 578 1971; x_wconf 78' lang='lat' dir='ltr'>pennisque</span> <span class='ocrx_word' id='word_1_151' title='bbox 588 1916 716 1962; x_wconf 87' lang='lat' dir='ltr'>coruscant</span> 
     </span>
     <span class='ocr_line' id='line_1_27' title="bbox 57 1983 691 2040; baseline -0.002 -10"><span class='ocrx_word' id='word_1_152' title='bbox 57 1983 198 2040; x_wconf 87' lang='lat' dir='ltr'>spiculaque</span> <span class='ocrx_word' id='word_1_153' title='bbox 207 1984 329 2031; x_wconf 84' lang='lat' dir='ltr'>exacuunt</span> <span class='ocrx_word' id='word_1_154' title='bbox 341 1983 427 2031; x_wconf 85' lang='lat' dir='ltr'>rostris</span> <span class='ocrx_word' id='word_1_155' title='bbox 437 1985 570 2040; x_wconf 73' lang='lat' dir='ltr'>aptantque</span> <span class='ocrx_word' id='word_1_156' title='bbox 579 1983 691 2040; x_wconf 84' lang='lat' dir='ltr'>lacertos,</span> 
     </span>
     <span class='ocr_line' id='line_1_28' title="bbox 57 2051 667 2108; baseline -0.002 -9"><span class='ocrx_word' id='word_1_157' title='bbox 57 2053 82 2100; x_wconf 86' lang='lat' dir='ltr'>et</span> <span class='ocrx_word' id='word_1_158' title='bbox 92 2051 159 2099; x_wconf 83' lang='lat' dir='ltr'>circa</span> <span class='ocrx_word' id='word_1_159' title='bbox 167 2066 250 2108; x_wconf 71' lang='lat' dir='ltr'>regem</span> <span class='ocrx_word' id='word_1_160' title='bbox 260 2054 332 2108; x_wconf 74' lang='lat' dir='ltr'>atque</span> <span class='ocrx_word' id='word_1_161' title='bbox 342 2051 395 2107; x_wconf 89' lang='lat' dir='ltr'>ipsa</span> <span class='ocrx_word' id='word_1_162' title='bbox 407 2053 439 2098; x_wconf 85' lang='lat' dir='ltr'>ad</span> <span class='ocrx_word' id='word_1_163' title='bbox 448 2051 570 2108; x_wconf 86' lang='lat' dir='ltr'>praetoria</span> <span class='ocrx_word' id='word_1_164' title='bbox 579 2053 667 2099; x_wconf 89' lang='lat' dir='ltr'>densae</span> 
     </span>
     <span class='ocr_line' id='line_1_29' title="bbox 57 2118 714 2176; baseline -0.003 -9"><span class='ocrx_word' id='word_1_165' title='bbox 57 2119 193 2167; x_wconf 76' lang='lat' dir='ltr'>miscentur</span> <span class='ocrx_word' id='word_1_166' title='bbox 202 2120 343 2176; x_wconf 76' lang='lat' dir='ltr'>magnisque</span> <span class='ocrx_word' id='word_1_167' title='bbox 352 2121 441 2167; x_wconf 83' lang='lat' dir='ltr'>vocant</span> <span class='ocrx_word' id='word_1_168' title='bbox 451 2118 596 2167; x_wconf 87' lang='lat' dir='ltr'>clamoribus</span> <span class='ocrx_word' id='word_1_169' title='bbox 605 2119 714 2165; x_wconf 80' lang='lat' dir='ltr'>hostem:</span> 
     </span>
     <span class='ocr_line' id='line_1_30' title="bbox 57 2187 689 2245; baseline -0.003 -11"><span class='ocrx_word' id='word_1_170' title='bbox 57 2202 116 2245; x_wconf 78' lang='lat' dir='ltr'>ergo</span> <span class='ocrx_word' id='word_1_171' title='bbox 124 2187 168 2234; x_wconf 88' lang='lat' dir='ltr'>ubi</span> <span class='ocrx_word' id='word_1_172' title='bbox 177 2203 221 2235; x_wconf 83' lang='lat' dir='ltr'>ver</span> <span class='ocrx_word' id='word_1_173' title='bbox 229 2190 316 2236; x_wconf 86' lang='lat' dir='ltr'>nactae</span> <span class='ocrx_word' id='word_1_174' title='bbox 326 2189 414 2235; x_wconf 88' lang='lat' dir='ltr'>sudum</span> <span class='ocrx_word' id='word_1_175' title='bbox 424 2202 566 2242; x_wconf 87' lang='lat' dir='ltr'>camposque</span> <span class='ocrx_word' id='word_1_176' title='bbox 577 2188 689 2242; x_wconf 84' lang='lat' dir='ltr'>patentes</span> 
     </span>
     <span class='ocr_line' id='line_1_31' title="bbox 57 2254 665 2314; baseline -0.007 -10"><span class='ocrx_word' id='word_1_177' title='bbox 57 2258 191 2313; x_wconf 84' lang='lat' dir='ltr'>erumpunt</span> <span class='ocrx_word' id='word_1_178' title='bbox 201 2257 287 2314; x_wconf 86' lang='lat' dir='ltr'>portis,</span> <span class='ocrx_word' id='word_1_179' title='bbox 298 2257 459 2313; x_wconf 84' lang='lat' dir='ltr'>concurritur,</span> <span class='ocrx_word' id='word_1_180' title='bbox 470 2256 568 2303; x_wconf 81' lang='lat' dir='ltr'>aethere</span> <span class='ocrx_word' id='word_1_181' title='bbox 577 2256 603 2301; x_wconf 92' lang='lat' dir='ltr'>in</span> <span class='ocrx_word' id='word_1_182' title='bbox 614 2254 665 2301; x_wconf 84' lang='lat' dir='ltr'>alto</span> 
     </span>
     <span class='ocr_line' id='line_1_32' title="bbox 58 2321 734 2382; baseline -0.007 -10"><span class='ocrx_word' id='word_1_183' title='bbox 58 2325 86 2372; x_wconf 78' lang='lat' dir='ltr'>fis</span> <span class='ocrx_word' id='word_1_184' title='bbox 95 2325 200 2382; x_wconf 90' lang='lat' dir='ltr'>sonitus,</span> <span class='ocrx_word' id='word_1_185' title='bbox 206 2341 322 2382; x_wconf 73' lang='lat' dir='ltr'>magnum</span> <span class='ocrx_word' id='word_1_186' title='bbox 332 2325 423 2372; x_wconf 81' lang='lat' dir='ltr'>mixtae</span> <span class='ocrx_word' id='word_1_187' title='bbox 433 2324 600 2381; x_wconf 78' lang='lat' dir='ltr'>glomerantur</span> <span class='ocrx_word' id='word_1_188' title='bbox 609 2323 635 2368; x_wconf 93' lang='lat' dir='ltr'>in</span> <span class='ocrx_word' id='word_1_189' title='bbox 644 2321 734 2379; x_wconf 89' lang='lat' dir='ltr'>orbem,</span> 
     </span>
     <span class='ocr_line' id='line_1_33' title="bbox 31 2390 709 2450; baseline -0.007 -9"><span class='ocrx_word' id='word_1_190' title='bbox 31 2403 51 2442; x_wconf 76' lang='lat' dir='ltr'>so</span> <span class='ocrx_word' id='word_1_191' title='bbox 59 2393 249 2450; x_wconf 82' lang='lat' dir='ltr'>praecipitesque</span> <span class='ocrx_word' id='word_1_192' title='bbox 260 2395 364 2450; x_wconf 88' lang='lat' dir='ltr'>cadunt;</span> <span class='ocrx_word' id='word_1_193' title='bbox 378 2408 427 2440; x_wconf 91' lang='lat' dir='ltr'>non</span> <span class='ocrx_word' id='word_1_194' title='bbox 437 2392 533 2440; x_wconf 89' lang='lat' dir='ltr'>densior</span> <span class='ocrx_word' id='word_1_195' title='bbox 542 2395 598 2438; x_wconf 70' lang='lat' dir='ltr'>edre</span> <span class='ocrx_word' id='word_1_196' title='bbox 607 2390 709 2448; x_wconf 75' lang='lat' dir='ltr'>grando,</span> 
     </span>
     <span class='ocr_line' id='line_1_34' title="bbox 59 2458 634 2517; baseline -0.007 -7"><span class='ocrx_word' id='word_1_197' title='bbox 59 2477 101 2510; x_wconf 84' lang='lat' dir='ltr'>nec</span> <span class='ocrx_word' id='word_1_198' title='bbox 110 2462 142 2509; x_wconf 87' lang='lat' dir='ltr'>de</span> <span class='ocrx_word' id='word_1_199' title='bbox 152 2477 271 2511; x_wconf 86' lang='lat' dir='ltr'>concussa</span> <span class='ocrx_word' id='word_1_200' title='bbox 280 2464 378 2511; x_wconf 84' lang='lat' dir='ltr'>tautum</span> <span class='ocrx_word' id='word_1_201' title='bbox 388 2460 452 2517; x_wconf 90' lang='lat' dir='ltr'>pluit</span> <span class='ocrx_word' id='word_1_202' title='bbox 461 2460 515 2507; x_wconf 85' lang='lat' dir='ltr'>ilice</span> <span class='ocrx_word' id='word_1_203' title='bbox 524 2458 634 2515; x_wconf 76' lang='lat' dir='ltr'>glandis:</span> 
     </span>
     <span class='ocr_line' id='line_1_35' title="bbox 104 2530 164 2582; baseline 0 -3"><span class='ocrx_word' id='word_1_204' title='bbox 104 2530 164 2582; x_wconf 83' lang='lat'>(95)</span> 
     </span>
    </p>
   </div>
   <div class='ocr_carea' id='block_1_3' title="bbox 0 0 997 3164">
    <p class='ocr_par' dir='ltr' id='par_1_3' title="bbox 0 0 997 3164">
     <span class='ocr_line' id='line_1_36' title="bbox 0 0 997 3164; baseline 0 0"><span class='ocrx_word' id='word_1_205' title='bbox 0 0 997 3164; x_wconf 95' lang='lat' dir='ltr'> </span> 
     </span>
    </p>
   </div>
  </div>
 </body>
</html>
