1972 3164
414 118 435 157 P,
449 117 568 156 VERGILI
582 117 716 158 MARONIS

226 217 334 272 praemia
343 218 401 263 sant
410 216 507 272 pietatis
516 215 566 271 ubi,
577 216 677 272 pictatis
687 219 821 270 honores?

227 285 252 331 in
262 301 337 332 vanas
346 285 426 332 abiere
436 285 506 340 vices,
517 299 547 331 ex
556 299 613 331 rure
624 287 727 333 recessit

228 353 321 400 iustitia
330 355 356 401 et
366 354 431 409 prior
440 353 482 399 illa
492 353 557 399 fides.
588 353 711 402 instantia
720 357 775 404 vici

226 422 334 478 alter-im
346 423 397 469 sine
406 423 517 476 respectu
526 436 579 467 mea
589 422 642 468 iata
651 423 812 480 relinquens.

227 489 259 536 ad
269 491 356 546 pariles
366 505 425 546 agor
434 491 534 536 eventus
544 509 550 544 ;
567 489 595 536 fit
605 505 685 544 poena
694 496 816 542 merenti.

180 581 217 616 230
228 574 306 614 poena
315 559 347 605 sit
357 558 456 605 exitium
467 579 472 604 z
487 558 557 604 modo
567 558 598 604 sit
608 560 652 604 tna
662 562 740 616 grata
751 563 882 620 voluntas,

228 627 317 674 existat
330 642 375 682 par
384 626 495 673 officium.
525 625 589 673 feror
599 627 654 673 avia
664 642 784 687 carpens,

227 694 282 741 arla
292 693 430 742 Cimmerios
441 694 505 742 inter
514 695 631 742 distantia
640 694 717 743 lucos.

227 777 297 817 quem
307 762 371 809 circa
380 761 463 808 tristes
473 763 604 810 densentur
613 763 639 809 in
648 764 714 811 ostia
724 779 833 820 poenae.

227 845 283 877 nam
295 830 389 877 vinctas
399 831 466 877 sedet
476 831 579 878 inmanis
589 832 746 886 serpentibus
758 834 834 891 Otos,

227 899 365 946 devinctum
375 899 480 945 maestus
490 899 573 954 procul
582 899 702 955 aspiciens
712 900 868 958 Ephialten,

228 967 309 1016 conati
317 968 436 1023 quondam
447 983 501 1014 cum
512 968 561 1014 sint
570 968 706 1015 rescindere
716 971 855 1018 mundum.

227 1039 253 1085 et
263 1037 354 1092 Tityos,
365 1036 467 1093 Latona,
478 1038 535 1083 tuae
544 1051 635 1083 memor
644 1036 734 1083 anxius
745 1037 802 1085 irae

228 1104 386 1163 (inplacabilis
396 1105 433 1152 ira
442 1104 522 1160 nimis)
532 1104 594 1152 iacet
604 1103 669 1150 alitis
679 1119 746 1151 esca.

228 1175 329 1230 terreor,
340 1189 363 1229 a,
373 1173 449 1220 tantis
458 1173 576 1228 insistere,
586 1174 689 1228 terreor,
699 1172 799 1219 umbris
811 1177 816 1220 !

181 1265 218 1300 240
229 1242 260 1289 ad
271 1242 366 1298 Stygias
375 1243 501 1289 revocatas
511 1257 585 1296 aquas
595 1241 636 1288 vix
645 1240 751 1288 ultimus
762 1243 834 1288 amni

228 1312 305 1367 extat,
316 1311 441 1357 nectareas
451 1309 532 1356 divum
542 1309 582 1364 qui
592 1309 699 1364 prodidit
707 1323 789 1366 escas,

226 1379 335 1436 gutturis
345 1378 423 1424 arenti
432 1378 555 1425 revolutus
564 1377 590 1424 in
599 1376 681 1424 omnia
690 1391 775 1424 sensu.

227 1448 292 1504 qnid,
303 1444 482 1502 saxum'procul
491 1445 592 1493 adverso
599 1445 641 1501 qui
650 1445 735 1491 monte
746 1444 868 1502 revolvit,

227 1515 396 1571 contempsisse
407 1515 474 1562 dolor
483 1529 553 1570 quem
561 1514 662 1560 numina
670 1512 758 1570 vineit,
768 1514 894 1562 acerbans

226 1584 277 1631 otia
287 1586 440 1639 quaerentem
449 1583 624 1630 trosti-atibus?
637 1583 671 1628 ite
680 1580 788 1638 puellae,

226 1650 268 1708 ite,
279 1652 365 1708 quibus
375 1652 458 1699 taedas
468 1652 599 1698 accendens
608 1649 686 1696 tristis
696 1649 800 1706 Erinys,

226 1721 290 1766 sicut
299 1720 405 1774 Hymen,
416 1720 528 1774 praefata
538 1719 602 1766 dedit
612 1717 714 1765 conubia
723 1719 825 1766 mortis.

226 1791 298 1843 atque
307 1787 367 1833 alias
378 1787 425 1832 alio
434 1788 537 1833 densant
547 1803 619 1842 super
628 1785 723 1842 agmine
733 1788 847 1846 turmas,

226 1857 342 1912 inpietate
352 1855 405 1901 fera
414 1855 539 1901 vecordem
549 1855 663 1902 Colchida
672 1855 788 1913 matrem,

180 1954 216 1991 250
228 1929 299 1978 anxia
309 1926 416 1975 sollicitis
426 1927 581 1974 meditantem
591 1927 692 1973 vulnera
702 1927 769 1974 natis
779 1948 785 1984 ;

226 2000 275 2047 iam
285 1995 429 2045 Pandionias
439 1996 575 2043 miseranda
584 1996 650 2051 prole
660 1994 764 2052 puellas,

226 2083 329 2124 quarum
339 2081 385 2112 vox
395 2065 451 2120 Ityn
461 2065 510 2112 edit
520 2065 586 2121 Ityn,
597 2079 643 2119 qno
651 2063 780 2111 Bistonius
790 2082 840 2114 rex

226 2136 299 2184 orbas
309 2149 380 2190 epops
390 2135 482 2180 maeret
492 2133 599 2179 volucres
609 2133 706 2178 evectus
716 2131 743 2177 in
753 2149 843 2184 auras.

227 2207 254 2252 at
264 2203 426 2251 discordantes
438 2201 541 2248 Cadmeo
552 2200 640 2247 semine
649 2199 741 2245 fratres

226 2273 275 2319 iam
285 2272 423 2319 truculenta
432 2270 515 2315 lerunt
524 2269 658 2322 infestaque
668 2267 763 2315 lumina
773 2285 870 2328 corpus

227 2340 289 2386 alter
298 2341 323 2386 in
333 2339 441 2394 alterius,
451 2338 544 2392 iamque
555 2337 681 2382 aversatur
690 2337 805 2394 uterque,

225 2408 292 2462 inpia
301 2407 409 2463 germani
419 2407 503 2452 manat
513 2405 574 2459 quod
584 2404 700 2457 sanguino
711 2403 809 2452 dextra.

275 2473 282 2522 (
295 2488 330 2523 452
343 2475 352 2521 )

21 2590 111 2784 ἢ
