1972 3164
435 260 458 298 P.
472 259 592 299 VERGILI
605 259 734 300 nsnonls

246 368 318 411 saepe
328 353 400 402 deum
410 353 478 402 nexis
492 355 593 403 ornatae
603 353 728 411 torquibus
738 369 811 412 arae;

246 438 319 479 asper
327 423 354 469 iu
364 437 405 470 ore
416 438 503 481 sapor3
518 423 596 471 tonsis
604 423 631 471 in
640 423 743 471 vallibus
752 424 822 470 illum

247 493 357 548 pastores
368 494 393 540 et
404 507 479 540 curve
488 491 574 550 legunt
583 507 658 547 prope
667 492 767 539 flumina
777 492 876 541 Mellae.

249 560 330 607 Huius
340 562 441 608 odorato
449 560 543 607 radices
552 560 652 616 incoque
661 561 767 619 Baccho,

200 638 238 676 280
249 629 384 685 pabulaque
393 629 419 675 in
428 629 521 675 foribus
531 628 607 684 plenis
618 644 711 685 appone
721 629 842 677 canistris.

279 697 326 744 Sed
336 697 356 744 si
365 713 436 753 quem
446 697 524 753 proles
535 697 615 745 subito
627 697 743 745 defecerit
754 698 840 755 omnis,

250 780 303 822 nec,
313 781 390 822 genus
400 766 464 813 unde
474 781 550 813 novae
561 765 643 822 stirpis
652 768 788 824 revocetur,
798 767 907 826 habebit,

248 835 345 889 tempus
356 836 381 882 et
390 833 490 881 Arcadii
498 834 654 882 memoranda
662 835 763 901 inuenta
772 835 885 892 magistri

249 903 363 959 pandere,
374 917 467 958 quoque
477 903 547 949 modo
557 903 631 951 caesis
640 902 690 950 iam
700 918 771 959 saepe
781 903 890 952 iuvencis

249 970 384 1018 insincerus
394 986 452 1026 apes
461 971 547 1018 tulerit
557 987 637 1019 cruor.
666 971 750 1019 Altius
759 987 856 1020 omnem

249 1038 375 1094 expediam
385 1039 465 1095 prime
473 1041 587 1095 repetens
596 1039 628 1086 sb
637 1040 730 1096 origine
739 1040 840 1088 tamum.

249 1107 313 1154 Nam
323 1123 371 1164 qua
380 1107 471 1155 Pellaei
479 1123 540 1164 gens
549 1108 679 1155 fortunata
688 1109 781 1165 Canopi

250 1175 336 1223 accolit
346 1176 423 1223 effuso
432 1178 588 1233 stagnantem
598 1177 696 1224 flumine
706 1177 792 1224 Nilum

251 1244 277 1291 et
287 1243 377 1291 circum
386 1244 457 1300 pictis
466 1245 564 1292 vehitur
573 1261 618 1292 sua
626 1261 686 1293 rura
695 1245 808 1302 phaselis,

202 1338 239 1376 290
251 1328 345 1369 quaque
354 1313 511 1369 pharetratae
520 1313 607 1361 vicinia
617 1314 722 1361 Persidis
732 1315 813 1371 urget,

251 1383 276 1429 et
286 1382 381 1430 diversa
390 1397 463 1430 ruens
473 1384 565 1439 septem
575 1382 689 1430 discurrit
698 1382 724 1428 in
733 1397 777 1428 ora

251 1450 276 1497 et
285 1450 386 1498 viridem
396 1451 535 1508 Aegyptum
545 1451 616 1508 nigra
624 1450 741 1499 fecundat
750 1449 845 1496 harena

251 1535 327 1576 usque
337 1519 449 1567 eoloratis
458 1519 536 1567 amnis
545 1519 650 1567 devexus
660 1519 691 1566 ab
701 1518 778 1576 Indis,

251 1587 328 1634 omnis
337 1587 363 1633 in
372 1588 419 1635 hac
429 1591 521 1635 certam
530 1588 596 1644 regio
605 1588 664 1634 iacit
673 1588 726 1634 arte
736 1587 849 1634 salutem.

251 1655 360 1711 Exiguus
370 1656 474 1710 primum
484 1658 556 1711 atque
565 1656 629 1712 ipsos
639 1657 778 1702 contractus
787 1655 814 1702 in
823 1671 882 1703 usus

251 1722 350 1778 eligitur
359 1721 425 1770 locus
437 1742 443 1779 ς
459 1723 524 1771 hune
533 1724 678 1781 angustique
686 1723 785 1770 imbrice
794 1723 855 1770 teeti

251 1789 429 1846 parietibusque
438 1794 554 1846 premunt
563 1792 632 1849 artis,
643 1793 669 1839 et
678 1793 794 1847 quattuor
802 1791 898 1839 addunt

251 1859 366 1914 quattuor
374 1874 390 1904 a
399 1859 478 1906 ventis
488 1859 583 1916 obliqua
593 1860 646 1907 luce
655 1860 784 1906 fenestras.

252 1928 315 1975 Tum
324 1926 415 1974 vitulus
424 1927 490 1975 bima
499 1944 602 1976 curvans
611 1928 660 1976 iam
670 1942 760 1975 cornua
769 1927 851 1974 fronte

203 2029 241 2066 300
252 1995 390 2053 quaeritur3
406 1996 461 2043 huie
470 1996 580 2053 geminae
590 2011 661 2044 nares
671 1997 697 2042 et
705 1995 805 2051 spiritus
815 1996 863 2042 oris

252 2063 331 2112 multa
339 2063 470 2111 reluctanti
479 2064 622 2122 obstruitur,
632 2063 756 2120 plagisque
766 2065 893 2120 perempto

251 2136 325 2181 tunsa
334 2148 377 2189 per
386 2132 507 2190 integrum
515 2133 644 2180 solvuntur
652 2133 746 2179 viscera
754 2130 851 2187 pellem.

252 2202 292 2250 Sic
301 2201 407 2258 pesitum
415 2201 441 2247 in
451 2202 531 2249 clauso
540 2200 662 2258 linquunt,
674 2202 699 2247 et
708 2215 791 2247 ramea
800 2199 873 2247 costis

252 2270 382 2319 subiiciunt
391 2270 538 2326 fragmenta,
547 2269 658 2325 thymum
668 2268 790 2324 casiasque
799 2269 918 2316 recentes.

252 2340 307 2387 Hoc
316 2339 410 2396 geritur
420 2337 528 2394 zephyris
536 2337 641 2393 primum
650 2336 830 2393 impellentibus
839 2336 935 2393 uudss‚'

253 2409 310 2456 ante
320 2407 387 2454 novis
397 2407 501 2453 rubeant
510 2422 583 2462 quam
593 2408 665 2462 prata
674 2405 801 2462 coloribus,
812 2407 870 2452 ante

252 2474 353 2531 garrula
359 2490 431 2531 quam
441 2474 515 2531 tignis
525 2475 608 2521 nidum
619 2475 752 2530 suspendat
760 2473 873 2521 hirundo.

251 2543 348 2658 Inte(rea
357 2542 445 2658 teneris
455 2543 592 2599 tepefactus
601 2541 627 2589 in
637 2543 731 2590 ossibus
741 2557 812 2589 umor

318 2623 352 2648 102
