1972 3164
406 164 516 204 AENEIS.
541 165 597 204 VIII

166 276 305 308 sermonum
315 276 407 309 memor
416 262 441 309 et
450 262 562 318 promissi
571 264 678 311 muneris
686 264 766 313 heros.

167 330 220 378 Nec
229 331 308 377 minus
317 331 412 378 Aeneas
422 347 447 378 se
457 332 592 379 matutinus
602 333 698 388 agebat.

167 399 244 445 Filius
254 399 310 447 huic
319 399 409 456 Pallas,
419 400 455 446 illi
465 416 543 448 comes
553 401 604 447 ibat
614 402 729 450 Achates.

167 469 294 525 Congressi
304 469 409 526 iungunt
419 470 518 517 dextras
528 469 658 525 mediisque
668 470 778 517 residunt

168 537 266 584 aedibus
276 539 301 584 et
310 537 378 585 licito
387 539 486 586 tandem
497 553 605 586 sermono
615 538 740 587 fruuntur.

168 606 223 653 Rex
232 606 298 662 prior
307 606 382 654 haec:

122 689 157 725 470
169 675 176 696 ‘
185 675 292 722 Maxime
300 676 446 723 Teucrorum
453 675 546 735 ductor,
553 690 600 732 quo
609 676 698 733 sospite
707 692 839 734 numquam

168 759 207 790 res
216 744 326 800 equidem
336 744 422 792 Troiae
432 745 508 793 victas
519 749 563 794 aut
572 764 648 805 regna
659 747 763 804 fatebor,

168 812 235 859 nobis
245 813 277 860 ad
286 812 342 860 belli
351 814 467 862 auxilium
477 831 522 871 pro
534 818 630 865 nominc
639 818 710 864 tanto

168 881 268 938 exiguae
277 881 341 929 vires
351 903 357 929 ι
372 882 429 930 hinc
440 885 518 932 Tusco
528 885 664 933 claudimur
673 887 747 944 amni,

168 950 224 997 hinc
231 950 339 997 Rutulus
348 952 437 1006 premit
447 954 471 999 et
481 969 578 1000 murum
585 955 745 1002 circumsonat
755 954 838 1002 armis.

169 1018 217 1065 Sed
225 1018 271 1065 tibi
280 1034 325 1077 ego
334 1019 445 1078 ingentes
454 1022 554 1078 populos
564 1024 724 1079 opulentaque
734 1024 815 1080 regnis

168 1088 267 1144 iungere
275 1089 357 1135 castra
366 1104 435 1147 paro,
446 1106 518 1146 quam
528 1092 579 1138 fors
589 1092 687 1148 inopina
697 1093 801 1139 salutem

168 1157 276 1204 ostentat
285 1177 291 1204 ι
306 1157 364 1204 fatIs
375 1158 422 1206 huc
432 1160 457 1206 te
467 1161 621 1216 poscentibus
630 1161 712 1207 affers.

169 1226 244 1272 Haud
252 1226 336 1282 procul
345 1226 401 1275 hinc
411 1243 469 1275 saxo
478 1228 593 1276 incolitur
601 1229 706 1275 fundata
714 1229 812 1275 vetusto

167 1294 234 1341 urbis
244 1295 371 1352 Agyllinae
380 1296 455 1354 sedes,
466 1297 508 1343 ubi
517 1297 594 1352 Lydia
603 1297 724 1352 quondam

122 1376 159 1422 480
168 1379 237 1421 gons,
247 1364 310 1411 bello
319 1365 452 1423 praeclara,
461 1366 524 1423 iugis
534 1366 621 1413 insedit
630 1364 748 1412 Etruscis.

170 1433 242 1480 Hanc
251 1433 340 1480 multos
349 1433 475 1482 florentem
485 1449 561 1482 annos
571 1449 614 1481 rex
624 1433 709 1480 deinde
719 1433 822 1488 superbo

168 1499 269 1556 imperio
278 1502 303 1548 et
313 1502 389 1549 saevis
399 1503 479 1550 tenuit
489 1502 624 1550 Mezentius
634 1501 716 1548 armis.

169 1569 233 1626 Quid
242 1585 371 1617 memorem
380 1571 493 1618 infandas
503 1571 595 1628 caedes,
601 1570 659 1626 quid
667 1570 735 1617 facta
742 1567 841 1626 tyranni

168 1639 263 1686 effera?
290 1638 315 1685 di
325 1640 399 1695 capiti
408 1641 482 1696 ipsius
491 1641 619 1698 generique
628 1639 752 1686 reservent
765 1642 770 1685 !

169 1707 271 1755 Mortua
280 1707 338 1762 quin
347 1708 420 1756 etiam
430 1709 546 1766 iungebat
556 1724 657 1765 corpora
665 1708 735 1765 rivis,

168 1791 314 1832 componens
324 1777 480 1833 manibusque
491 1793 576 1824 manus
586 1780 659 1834 atque
668 1776 751 1824 oribus
761 1791 811 1830 ora,

168 1845 285 1893 tormenti
294 1860 379 1902 genus,
389 1847 415 1892 et
425 1846 490 1893 sanic
500 1846 603 1902 taboque
613 1846 715 1893 fluentes

169 1914 295 1970 complexu
304 1915 330 1961 in
340 1915 427 1962 misero
437 1913 510 1971 longa
519 1915 553 1962 sic
563 1917 641 1961 morte
651 1914 762 1961 necabat.

170 1985 205 2031 At
215 1983 273 2031 fessi
281 1983 379 2030 tandem
390 1983 453 2031 cives
463 1983 564 2030 infanda
573 1983 696 2030 furentem

122 2068 159 2106 490
170 2053 260 2099 armati
270 2052 451 2100 circumsistunt
461 2052 586 2108 ipsumque
597 2052 750 2105 domumque,

171 2121 319 2169 obtruncant
329 2122 413 2177 socios,
423 2121 504 2177 ignem
514 2121 546 2167 ad
555 2119 655 2175 fastigia
663 2119 766 2164 iactant.

170 2189 215 2237 Ille
224 2190 289 2237 inter
298 2190 395 2238 caedem
404 2189 552 2236 Rutulorum
563 2188 657 2242 elapsus
667 2186 692 2232 in
703 2200 774 2242 agros

171 2259 300 2317 confugere
309 2261 334 2306 ct
345 2258 423 2305 Tmni
432 2257 555 2304 defendier
564 2255 665 2311 hospitis
675 2255 756 2300 armis.

172 2330 239 2385 Ergo
249 2328 326 2374 omnis
335 2327 406 2374 furiis
416 2326 522 2372 surrexit
532 2325 635 2371 Etruria
644 2323 714 2370 iustis
724 2343 729 2368 ε

170 2412 252 2453 regem
262 2397 294 2443 ad
303 2395 447 2452 supplicium
457 2393 580 2449 praesenti
589 2393 671 2439 Marte
680 2393 817 2446 reposcunt.

172 2466 219 2512 His
229 2480 274 2522 ego
282 2467 316 2522 te,
327 2465 418 2520 Aenea,
429 2464 555 2510 ductorem
565 2460 670 2508 millibus
680 2460 775 2508 eddam.

218 2533 288 2584 (309)
