1972 3164
390 173 501 214 AENEIS.
527 174 571 213 VII

142 269 209 327 Quid
218 271 263 317 tua
271 272 357 318 saneta
365 270 440 318 fides?
468 271 525 326 quid
534 287 594 318 eura
602 273 703 328 antiqua
711 276 810 321 tuorum

141 338 168 385 et
178 336 356 394 consanguineo
365 337 454 384 totiens
463 338 523 386 data
532 338 632 386 dextera
641 340 741 388 Turno?

142 404 170 454 Si
178 419 254 463 gener
262 407 364 454 externa
373 406 466 462 petitur
475 407 587 464 degente
596 408 700 466 Latinis,

141 473 214 530 idque
224 473 299 532 sedet,
309 474 434 530 Faunique
444 477 559 531 premunt
568 477 594 523 te
603 475 670 523 iussa
679 478 796 534 parentis,

142 557 240 590 omnem
249 541 358 598 equidem
368 543 470 599 sceptris
479 545 571 590 terram
577 559 638 600 quae
647 543 725 592 libera
729 546 820 594 nostrie

95 632 131 671 370
141 609 251 666 dissidet,
261 611 387 658 externam
396 627 452 658 reor
461 613 486 659 et
496 611 530 660 sie
540 613 620 661 dioere
629 613 705 661 divos.

143 678 179 726 Et
189 679 281 736 [tur-no,
291 678 312 726 si
321 679 399 735 prima
408 680 494 728 domus
503 683 631 736 repetatur
639 682 714 740 origo,

142 746 249 794 Inachus
258 747 412 803 Acrisiusque
422 749 504 804 patres
514 749 652 806 mediaeque
662 751 797 807 Myoenae:

171 815 219 862 His
227 814 270 861 ubi
278 814 422 871 nequiquam
432 816 503 864 dietis
512 820 614 873 experta
623 819 739 866 Latinum

141 885 229 932 eontra
237 885 303 931 stare
312 883 386 941 videt,
396 884 539 941 penitusque
548 885 574 932 in
583 886 677 934 viseera
685 887 781 944 lapsum

141 951 262 1008 serpentis
270 950 359 999 furiale
369 952 461 999 malum
470 954 594 1008 totamque
603 957 724 1013 pererrat,

141 1021 197 1067 tum
205 1034 264 1068 vero
272 1019 365 1076 infelix,
375 1020 514 1078 ingentibus
523 1022 603 1069 exeita
611 1024 734 1079 monstris,

141 1088 285 1136 immensam
295 1088 345 1136 siue
354 1103 421 1136 more
430 1089 493 1136 furit
502 1089 629 1145 lymphata
638 1106 682 1146 per
691 1090 784 1139 urbem.

142 1156 195 1205 Ceu
203 1156 323 1212 quendem
332 1157 399 1204 torto
408 1156 512 1204 volitans
523 1157 568 1204 sub
578 1158 677 1206 verbere
687 1159 769 1216 turbo,

141 1240 213 1281 quem
223 1223 292 1280 pueri
301 1239 389 1282 magno
398 1224 425 1271 iu
434 1240 496 1281 gyro
504 1240 583 1272 vacua
592 1226 657 1272 utria
667 1226 758 1273 oiroum

96 1304 132 1354 380
141 1293 232 1342 intenti
241 1292 298 1340 ludo
307 1295 420 1340 exercent
429 1312 435 1350 ;
449 1293 490 1340 ille
500 1295 569 1340 aetus
579 1293 673 1340 habene

142 1361 251 1410 curvatis
259 1360 340 1409 fertur
349 1361 434 1418 spatiis
444 1380 451 1418 3
465 1362 548 1417 stupet
557 1361 634 1408 inscia
643 1377 718 1417 supra

142 1429 300 1485 impubesque
309 1445 404 1487 manus,
414 1430 505 1477 mirate
514 1429 618 1477 volubile
628 1429 720 1477 buxum
728 1449 734 1486 3

142 1499 203 1547 dant
213 1499 305 1546 animos
314 1498 401 1557 plegae
412 1518 418 1553 ς
435 1512 484 1545 non
494 1513 567 1545 cursu
577 1497 672 1554 segnior
681 1498 723 1545 illo

141 1582 186 1624 per
195 1566 285 1614 medias
294 1567 367 1615 urbes
376 1567 460 1624 agitur
469 1566 615 1622 populosque
624 1565 724 1614 feroces.

144 1635 210 1692 Quin
220 1635 294 1682 etiam
303 1634 329 1682 in
339 1634 420 1692 silvas,
431 1635 545 1682 simulato
555 1635 653 1682 numine
663 1636 761 1692 Bacchi,

141 1702 220 1750 maius
229 1703 316 1750 adorta
324 1703 394 1751 nefas
403 1703 565 1759 maioremque
575 1719 631 1750 orsa
639 1703 755 1761 furorem,

141 1771 230 1828 evolat,
241 1773 266 1819 et
275 1772 360 1818 natam
372 1770 491 1819 frondosis
501 1772 623 1819 montibus
633 1773 709 1829 abdit,

142 1853 189 1896 quo
198 1839 335 1886 thalamum
344 1839 432 1895 eripiat
442 1839 541 1886 Teucris
551 1841 681 1896 taedasque
691 1843 807 1901 moretur,

143 1907 150 1929 ‘
160 1908 226 1956 Evoe
235 1907 331 1955 Baoohe
340 1908 345 1927 '
357 1907 470 1964 fremens,
481 1908 559 1955 solum
569 1910 595 1955 te
604 1909 698 1965 virgine
709 1909 810 1966 dignum

96 1996 131 2035 39⁰
141 1976 284 2033 vociferans,
296 1976 385 2022 etenim
394 1976 478 2023 molles
487 1977 533 2023 tibi
542 1992 636 2023 sumere
646 1977 750 2034 thyrsos,

141 2046 168 2092 te
177 2044 283 2091 lustrare
292 2045 373 2100 choro,
384 2059 479 2092 eaerum
488 2045 534 2091 tibi
544 2060 642 2100 pascere
652 2045 750 2092 crinem.

141 2113 219 2160 Fama
226 2112 303 2170 volet,
313 2111 430 2168 furiisque
440 2128 553 2160 senenses
563 2114 660 2168 pectore
670 2113 761 2159 matres

140 2181 205 2229 idem
214 2195 296 2228 omnes
306 2181 378 2228 simul
387 2182 461 2229 ardor
470 2182 522 2239 agit
531 2196 595 2227 nova
604 2195 717 2236 quaerere
726 2182 807 2228 tenta:

141 2249 266 2297 deseruere
276 2249 367 2306 domos,
377 2249 456 2297 ventis
466 2250 526 2296 deut
536 2249 597 2296 oolla
607 2263 747 2305 oomesqu03

141 2319 181 2365 aet
191 2317 252 2364 aliae
261 2317 371 2365 tremulis
380 2317 513 2364 ululatibus
523 2316 622 2364 aethera
631 2315 760 2372 complent,

142 2386 327 2443 pampineasque
336 2388 426 2442 gerunt
435 2385 554 2432 incinctae
564 2384 667 2439 pellibus
677 2383 768 2432 hastas.

142 2454 200 2510 Ipsa
208 2453 274 2501 inter
282 2453 373 2501 medias
383 2453 527 2509 flagrantem
536 2451 631 2499 fervida
640 2451 724 2508 pinum

190 2521 199 2570 (
208 2520 261 2571 279)
