1972 3164
343 326 365 366 P.
378 325 499 367 VERGILI
512 325 638 368 moms

157 420 270 468 certatim
279 422 369 470 crebris
379 423 500 472 collucent
509 424 605 480 ignibus
614 425 676 481 egri.

110 507 147 534 κιο
158 489 243 536 Tertia
252 489 295 536 lux
305 490 410 549 gelidam
420 491 486 538 eaelo
496 491 629 538 dimoverat
638 490 766 541 umbram:

158 559 295 604 maerentes
305 559 383 605 altum
393 559 497 606 cinerem
507 561 533 606 et
542 559 645 606 confuse
653 560 759 608 ruebant

157 641 212 673 osse
222 625 290 683 locis,
301 627 429 682 tepidoque
438 626 572 674 onerabant
581 642 670 684 aggere
679 629 771 675 terrae.

158 695 211 741 Iem
221 695 312 742 veroin
322 695 401 752 tectis,
412 695 553 751 praedivitis
562 695 622 743 urbe
632 695 725 755 Latini,

158 763 302 819 praecipuus
312 764 397 820 fragor
406 765 431 812 et
440 764 508 821 longi
517 778 574 821 pers
584 763 691 811 maximo
700 764 792 812 luctus.

159 831 207 878 Hic
217 833 307 878 matres
318 831 466 888 miseraeque
476 848 562 889 nurus,
572 832 612 880 hic
622 848 680 880 cars
689 847 803 880 sororum

159 902 258 956 pectore
267 903 428 958 moerentum,
438 902 554 958 puerique
564 901 705 958 parentibus
716 901 770 948 orbi

159 969 239 1016 dirum
249 971 406 1017 exsecrantur
416 970 506 1017 bellum
516 971 640 1025 Turnique
649 969 798 1026 hymenaeos
808 990 814 1017 τ

158 1038 239 1094 ipsum
248 1039 322 1086 armis
332 1039 459 1095 ipsumque
468 1039 554 1086 iubent
563 1039 691 1086 decernere
702 1038 780 1096 ferro,

160 1106 202 1162 qui
210 1121 312 1164 regnum
322 1106 409 1154 Itnliue
419 1110 444 1154 et
454 1107 544 1162 primos
554 1106 599 1154 sibi
608 1108 692 1163 poscat
702 1107 816 1158 honores.

112 1191 150 1216 220
161 1174 279 1230 Inmvnt
288 1175 348 1222 haec
357 1189 443 1222 saevus
453 1175 563 1222 Drances
573 1173 696 1230 solumque
705 1175 791 1222 vocari

160 1243 275 1299 testetur,
286 1242 363 1290 solum
373 1243 438 1299 posci
445 1243 471 1289 in
482 1242 615 1290 certamina
624 1243 746 1291 Turnum.

161 1310 243 1358 Multa
252 1311 323 1358 simul
333 1313 419 1358 contro.
428 1311 502 1358 variis
512 1310 634 1358 sententie
643 1310 717 1358 dictis

160 1394 204 1434 pro
214 1379 305 1436 Turno,
316 1380 341 1427 et
351 1394 467 1437 magnum
476 1379 575 1436 reginae
584 1393 672 1425 nomeu
682 1378 819 1437 obumbret,

160 1447 239 1494 multe
248 1447 328 1494 virum
337 1448 431 1495 meritis
441 1448 564 1495 sustentet
573 1447 641 1494 lema
649 1447 766 1502 tropaeis.

189 1515 241 1563 Hos
251 1516 316 1564 inter
325 1519 414 1573 motus,
425 1516 504 1564 medio
512 1516 539 1563 iu
548 1515 668 1572 flagrante
679 1515 800 1572 tumultu,

160 1600 215 1633 ecce
225 1600 297 1640 super
305 1585 392 1632 maesti
401 1600 492 1643 magno
500 1583 625 1632 Diomedis
634 1583 665 1630 ab
675 1584 737 1632 urbe

160 1653 236 1710 legati
245 1668 360 1709 responso
369 1653 453 1700 ferunt
464 1674 469 1700 :
484 1652 546 1699 nihil
555 1651 665 1698 omnibus
675 1653 759 1698 ectum

161 1722 287 1768 tentorum
301 1721 415 1776 impensis
426 1736 534 1778 operum,
545 1720 581 1766 nil
591 1721 654 1767 done
663 1734 741 1775 neque
750 1734 837 1766 aurum

162 1804 207 1836 nec
217 1805 317 1846 mugnus
327 1789 432 1836 valuisse
442 1804 533 1845 preces,
544 1789 592 1836 elia
599 1803 667 1835 armo
676 1788 773 1835 Latinis

115 1875 152 1911 230
163 1858 301 1914 quaerenda
310 1859 353 1904 aut
364 1872 448 1913 pacem
458 1856 563 1904 Troiano
572 1857 603 1903 ab
613 1872 669 1913 rege
679 1857 812 1912 petendum

164 1926 252 1973 Deficit
261 1925 356 1983 ingenti
365 1926 435 1973 luctu
443 1941 487 1972 rex
496 1925 547 1981 ipse
556 1925 667 1971 Latinus.

163 1994 274 2041 Fatalem
283 1993 384 2040 Aenean
394 1994 524 2040 manifesto
534 1993 632 2039 numine
642 1991 703 2039 terri

163 2063 276 2109 admonet
285 2061 323 2108 ire
333 2062 404 2108 deum
414 2061 549 2117 tumulique
559 2063 616 2107 ente
626 2076 670 2107 eru
678 2061 798 2107 recentes.

164 2132 230 2188 Ergo
240 2130 367 2178 concilium
376 2146 492 2187 magnum
502 2129 638 2185 primosque
648 2143 749 2176 suorum

163 2200 264 2256 imperio
273 2199 362 2246 accitos
373 2199 424 2246 elta
433 2199 501 2244 intro
509 2198 594 2244 limine
603 2197 677 2254 cogit.

165 2268 215 2316 Olli
225 2283 356 2315 convenere
366 2267 492 2322 fluuntque
502 2266 534 2312 ud
543 2265 610 2322 regie
620 2264 698 2320 plenis

164 2337 230 2384 tectu
242 2337 295 2383 viis.
326 2335 398 2382 Sedet
407 2335 433 2381 in
443 2333 526 2380 mediis
536 2335 561 2380 et
571 2333 690 2379 maximus
700 2346 760 2379 aevo

165 2407 190 2452 et
200 2405 292 2460 primus
301 2404 404 2459 sceptris
414 2402 480 2449 haud
488 2401 555 2448 leste
563 2401 645 2447 fronte
655 2401 768 2448 Latinus.

165 2472 246 2528 Atque
255 2473 294 2520 hic
304 2471 396 2528 legatos
406 2470 494 2518 Aetola
503 2485 533 2516 ex
542 2469 602 2516 urbe
611 2469 725 2516 remissos

117 2560 155 2596 240
166 2555 227 2596 quoe
236 2540 345 2587 referent
354 2539 402 2586 fari
411 2538 486 2594 iubet,
497 2540 523 2584 et
532 2553 648 2593 responsu
656 2536 760 2593 reposcit

387 2625 422 2657 23⁰.
442 2631 458 2657 s
466 2621 479 2657 1.
488 2621 615 2662 ‘petendam‘

213 2675 222 2722 (
231 2676 284 2723 382)
