1972 3164
362 178 383 216 P.
397 177 514 217 VERGILI
528 175 628 220 ΜΑΒΟΝ
630 178 654 216 IS

171 273 210 320 hic
218 272 308 320 haedos
317 272 417 333 depone,
427 276 509 322 tamen
519 274 641 322 veniemus
650 273 675 322 in
685 273 777 324 urbem.

172 343 224 388 Aut
233 343 262 400 si,
272 358 320 390 nox
330 343 437 400 pluviam
446 360 476 391 ne
487 344 585 402 colligat
594 345 659 401 ante,
667 348 799 402 veremur,

172 413 300 459 cantantes
309 412 366 460 licet
376 429 450 469 usque
461 413 549 469 (minus
559 413 599 459 via
607 411 796 470 laodicaenus,

172 481 300 526 cantantes
309 483 338 527 ut
348 496 439 537 eamus,
450 495 495 537 ogo
503 480 548 527 hoc
557 481 583 526 te
592 480 657 528 fasce
666 480 758 528 levabo.

198 548 234 596 M.
264 549 352 596 Desine
358 549 438 605 plura,
445 565 514 606 puer,
521 550 547 595 et
556 549 619 605 quod
628 564 693 597 nunc
701 549 779 597 instat
788 567 843 607 aga·

227 632 280 662 mus
291 637 297 663 ι

171 684 279 736 carmina
288 686 341 731 turn
351 685 445 742 melius,
456 701 512 732 curn
521 685 615 733 venerit
624 685 684 743 ipse,
695 701 816 734 canemus.

401 949 553 1005 ECLOGA
576 951 612 1003 X.

444 1069 566 1118 Gaurus.

170 1176 392 1270 EXTREMUM
416 1176 490 1234 hunc,
509 1177 640 1234 Arethusa,
660 1177 719 1225 mihi
742 1179 841 1226 concede

272 1245 391 1293 laborum.

170 1314 252 1363 Pauca
261 1330 314 1362 meo
324 1314 402 1371 Gallo,
413 1314 455 1362 sed
465 1328 525 1368 qnae
534 1313 601 1370 legat
609 1313 663 1369 ipsa
672 1315 779 1372 Lycoris,

170 1384 278 1430 carmina
287 1384 345 1431 sunt
355 1382 469 1430 dicenda:
483 1383 556 1438 neget
566 1381 618 1437 quis
628 1382 736 1430 carmina
746 1383 832 1430 Gallo?

171 1452 210 1499 Sic
219 1452 272 1509 tibi,
284 1468 339 1499 cum
349 1451 436 1498 fluctus
447 1449 612 1497 subterlabere
623 1451 729 1508 Sicanos,

170 1519 242 1565 Doris
249 1534 333 1566 amara
342 1534 410 1565 suam
420 1533 468 1564 non
478 1518 642 1565 intermisceat
651 1519 756 1566 undam:
786 1513 788 1518 ’

168 1585 260 1643 incipe;
275 1583 389 1633 sollicitos
400 1586 466 1633 Galli
475 1586 582 1634 dicamus
593 1602 693 1644 amores,

169 1652 225 1699 dum
236 1654 321 1699 tenera
330 1654 459 1700 attondent
469 1654 543 1701 simae
553 1653 660 1710 virgulta
670 1653 782 1709 capellae.

168 1720 225 1768 Non
236 1721 343 1767 canimus
354 1722 449 1778 surdis;
464 1723 612 1778 respondent
620 1721 700 1769 omnia
708 1721 790 1770 silvae.

197 1789 263 1845 Quae
273 1804 372 1836 nemora
381 1791 425 1836 aut
435 1791 476 1846 qui
485 1806 527 1837 vos
538 1791 615 1837 saltus
624 1790 736 1847 habuere,
746 1791 840 1846 puellae

143 1872 156 1896 0
168 1858 267 1914 Naides,
277 1857 377 1914 indigno
387 1874 443 1910 cum,
453 1859 538 1906 Gallus
549 1875 630 1906 amore
640 1859 751 1916 peribat?

167 1925 233 1973 Nam
243 1941 319 1981 neque
329 1926 432 1973 Parnasi
442 1927 508 1974 vobis
519 1928 584 1985 iuga,
595 1943 652 1974 nam
662 1943 738 1984 neque
748 1928 819 1974 Pindi

167 1994 218 2041 ulla
227 2010 320 2041 moram
330 1995 417 2052 iecere,
428 2010 504 2050 neque
515 1996 592 2043 Aonie
602 1996 737 2053 Aganippe.

168 2062 241 2110 Illum
251 2063 324 2109 etiam
331 2062 402 2120 lauri,
414 2063 488 2110 etiam
499 2062 585 2111 flevere
595 2063 707 2121 myricae,

167 2129 256 2186 pinifer
265 2130 335 2176 illum
345 2131 419 2178 etiam
436 2130 488 2177 sola
495 2130 540 2177 sub
550 2147 610 2186 rupe
620 2132 739 2178 iacentem

167 2198 295 2245 Maenalus
305 2199 330 2244 et
339 2198 412 2254 gelidi
422 2198 541 2244 fleverunt
551 2213 611 2245 saxa
620 2199 715 2254 Lycaei.

168 2266 240 2313 Stant
250 2268 275 2314 et
285 2282 340 2314 oves
350 2267 449 2324 circum,
459 2267 537 2313 nostri
546 2282 591 2313 nec
601 2267 709 2322 paenitet
718 2267 771 2313 illas
782 2289 787 2313 ι

165 2349 210 2383 nec
220 2337 245 2383 te
255 2337 377 2392 paeniteat
387 2336 487 2392 pecoris,
498 2335 578 2382 divine
588 2336 660 2391 poeta
669 2355 675 2392 ς

166 2403 192 2448 et
201 2402 320 2451 formosus
330 2419 385 2451 oves
396 2404 426 2450 ad
436 2404 536 2450 flumina
545 2404 613 2459 pavit
623 2404 722 2450 Adonis.

166 2468 276 2585 Venit6e)t
285 2473 367 2529 upilio,
378 2472 443 2519 tardi
453 2487 540 2518 venere
550 2471 651 2528 subulci,

232 2551 242 2585 3
