1972 3164
374 168 398 206 P.
411 168 530 208 VERGILI
543 168 671 209 MARONIS

183 259 263 319 Dixit,
273 275 375 319 eumque
385 262 439 310 imis
449 262 494 311 sub
504 263 616 311 fluctibus
626 264 704 312 audiit
713 267 791 314 omnis

135 346 172 383 240
183 330 318 379 Nereidum
328 333 461 388 Phorcique
471 333 557 380 chorus
568 333 727 390 Panopeaque
736 336 815 394 virgo,

183 401 209 447 et
215 402 288 457 pater
296 401 347 458 ipse
356 417 431 448 manu
441 416 530 458 magne
540 402 663 448 Portunus
673 405 773 450 euntem

183 468 282 526 impulit
292 490 298 518 ι
312 471 355 518 illa
364 470 430 517 Noto
440 470 511 517 citius
521 469 662 526 volucrique
673 471 765 527 sagitte

184 538 216 585 ad
225 540 318 585 terram
327 537 391 594 fugit
401 539 426 584 et
437 540 510 593 portu
520 554 546 586 se
556 539 663 586 condidit
670 539 729 587 alto.

185 606 249 653 Tum
259 608 326 653 setus
334 605 443 654 Anchisa
454 608 549 654 cunctis
559 622 589 654 ex
600 623 666 654 more
676 609 768 655 vocetis

184 674 300 722 victorem
309 690 399 731 magna
408 675 533 730 praeconis
542 691 600 723 voce
610 676 758 724 Cloanthum

185 743 292 790 declarat
301 743 420 799 viridique
429 743 527 791 advelat
537 744 734 802 temporalem

184 826 330 866 muneraque
339 811 365 858 in
374 826 448 859 naves
457 814 540 859 ternos
550 815 635 868 optare
640 813 753 861 iuvencos

185 879 287 936 vinoque
296 880 322 926 et
331 880 428 936 argenti
437 896 552 937 maguum
562 881 606 927 dat
615 881 680 928 ferre
689 881 820 928 talentum.

185 947 248 1004 Ipsis
257 947 398 1004 praecipuos
409 948 549 996 ductoribus
560 949 628 996 addit
638 948 755 996 honores:

138 1030 176 1066 250
185 1016 272 1063 victori
281 1016 433 1072 chlamydem
442 1018 563 1074 auratam,
574 1032 645 1072 quam
655 1017 762 1073 plurima
771 1017 862 1064 circum

186 1099 296 1140 purpure
305 1084 438 1131 Maeandro
448 1085 538 1140 duplici
548 1085 667 1132 Meliboea
676 1085 792 1141 cucurrit,

186 1152 341 1208 intextusque
351 1167 411 1208 puer
420 1152 535 1200 frondosa
544 1153 625 1209 regius
635 1152 682 1200 Ida

186 1221 279 1268 veloces
289 1221 368 1269 iaculo
377 1236 460 1268 cervos
471 1237 591 1276 cursuque
600 1221 700 1279 fatigat,

187 1305 252 1347 acer,
262 1289 388 1337 anhelanti
398 1289 491 1346 similis,
501 1304 571 1345 quem
582 1305 683 1344 praepes
693 1288 725 1335 ab
735 1288 781 1335 Idu

188 1357 315 1406 sublimem
324 1357 424 1414 pedibus
433 1357 517 1413 rapuit
526 1357 591 1404 Iovis
601 1357 706 1413 armiger
715 1357 784 1404 uncis
794 1377 800 1403 z

187 1426 298 1484 longaevi
307 1427 400 1483 palmas
409 1425 554 1482 nequiquam
563 1426 595 1472 ad
604 1425 684 1473 sidera
693 1426 799 1472 tendunt

188 1495 307 1553 custodes,
318 1495 441 1550 saevitque
450 1509 540 1542 canum
549 1493 655 1541 latratus
665 1493 691 1540 in
701 1508 783 1540 auras.

187 1562 223 1611 At
233 1563 274 1619 qui
283 1563 369 1612 deinde
377 1563 457 1611 locum
466 1563 547 1610 tenuit
556 1562 649 1609 virtute
659 1562 800 1619 secundum,

188 1631 280 1678 levibns
290 1631 346 1679 huic
356 1632 433 1679 hamis
444 1632 579 1678 consertam
588 1644 694 1685 auroque
704 1629 809 1676 trilicem

140 1700 178 1738 2⁶0
188 1698 295 1755 loricam,
307 1715 379 1755 quem
389 1699 505 1746 Demoleo
515 1698 655 1745 detraxerat
664 1697 715 1752 ipse

188 1767 266 1814 victor
275 1767 340 1822 apud
349 1767 462 1823 rapidum
473 1767 596 1814 Simoenta
605 1765 650 1812 sub
660 1766 705 1812 Ilio
715 1764 774 1821 alto,

188 1837 262 1883 donet
271 1834 360 1882 habere
369 1836 430 1892 viro,
441 1835 513 1883 decus
523 1836 548 1882 et
558 1835 670 1881 tutamen
679 1833 706 1879 in
716 1832 799 1880 armis,

187 1903 237 1952 Vix
245 1903 311 1950 illam
321 1903 408 1949 famuli
419 1902 529 1960 Phegeus
540 1901 683 1959 Sagarisque
692 1900 805 1947 ferebant

189 1971 346 2028 multiplicem
356 1971 435 2019 conixi
443 1971 547 2027 umeris3
561 1970 661 2017 indutus
672 1971 699 2016 at
708 1969 767 2016 olim

189 2040 315 2088 Demoleos
326 2055 399 2087 cursu
408 2040 518 2095 palantes
529 2039 606 2086 Troes
616 2037 712 2094 agebat.

190 2109 274 2157 Tertia
284 2109 347 2155 dona
356 2108 417 2155 facit
426 2108 534 2164 geminos
545 2122 575 2154 ex
585 2121 640 2154 aere
650 2105 742 2152 lebetas

190 2177 330 2236 cymbiaque
341 2177 443 2235 argento
453 2176 563 2231 perfecta
573 2176 646 2230 etque
656 2188 743 2228 aspera
752 2173 836 2228 signis.

190 2249 291 2302 Iamque
300 2245 359 2292 adeo
369 2244 452 2291 donati
461 2258 544 2291 omnes
554 2243 685 2298 opibusque
696 2240 794 2297 superbi

190 2313 298 2372 puniceis
307 2313 375 2360 ibent
385 2312 473 2358 evincti
483 2313 594 2366 tempora
603 2310 689 2366 taenia,

142 2399 181 2435 ²70
191 2399 247 2431 oum
257 2397 328 2430 saevo
337 2397 351 2428 e
360 2379 457 2435 scopulo
466 2378 590 2425 multavix
600 2381 653 2424 arte
663 2377 782 2433 revulsus,

192 2451 285 2498 amissis
295 2450 367 2496 remia
377 2450 450 2504 amne
459 2447 542 2494 ordine
552 2446 637 2493 debilis
647 2461 703 2502 uno,

241 2521 293 2567 (218
303 2517 310 2566 )
