1972 3164
297 178 448 221 anoadlca
472 181 504 221 1v

61 277 169 333 aestuat,
179 277 204 322 et
213 275 313 324 visenda
323 277 399 325 modis
409 277 524 326 animalia
533 277 610 336 miris,

10 370 50 408 310
61 347 152 394 trunca
161 345 248 401 pedum
258 345 344 403 primo,
355 361 410 393 mox
420 348 446 394 et
455 347 584 395 stridentia
593 347 686 406 pennis,

62 414 204 471 miscentur,
214 416 358 470 tenuemque
370 415 448 474 magis
458 415 535 472 magis
545 417 604 463 a'era
612 418 724 476 carpunt,

61 483 139 531 doneo
147 485 176 530 ut
186 483 283 530 aestivis
293 484 385 530 effusus
395 483 501 531 nubibus
509 483 588 532 imber

61 566 163 607 erupere
173 553 217 598 aut
226 553 255 598 ut
265 567 339 599 nervo
349 552 462 608 pulsante
472 553 586 610 sagittae,

60 619 141 676 prima
150 619 214 667 leves
223 620 309 667 ineunt
319 620 339 667 si
349 622 445 676 quando
454 621 545 677 proelia
555 621 651 669 Parthi.
743 657 750 677 ,.
786 671 793 684 ‚

91 687 149 744 Quis
159 687 218 735 deus
227 688 299 745 hanc,
305 689 399 747 Musae,
405 689 457 745 quis
464 690 531 737 nobis
539 691 635 738 extudit
642 691 740 738 artem?

61 756 133 804 Unde
142 772 206 803 nova
215 757 338 813 ingressus
348 757 472 804 hominum
480 758 629 814 experientia
638 759 717 815 oepit?

61 825 152 871 Pastor
161 824 289 872 Aristaeus
299 824 395 882 fugiens
406 826 494 873 Peneia
502 827 593 882 Tempe

62 893 165 950 amissis,
176 895 206 940 ut
214 893 291 950 fama,
302 893 387 949 apibus
397 894 525 950 morboque
535 895 647 952 fameque

62 961 141 1008 tristis
150 961 182 1008 ad
191 961 294 1019 extremi
301 976 397 1008 sacrum
408 964 482 1018 eaput
492 963 572 1009 astitit
582 963 660 1010 amnis

10 1054 51 1091 ³²0
61 1029 141 1076 multa
151 1044 260 1086 querens,
271 1032 343 1086 atque
353 1030 399 1078 hae
409 1031 500 1078 affatus
511 1046 568 1080 voce
578 1032 707 1088 parentem
718 1051 725 1078 ε
757 1040 761 1046 ’

63 1098 168 1156 ‘Maian
179 1098 272 1154 Cyrene
282 1099 371 1156 mater,
382 1114 443 1154 quae
452 1099 558 1156 gurgitis
568 1100 639 1147 huius

61 1167 112 1214 ima
121 1168 197 1223 tenes,
209 1166 268 1222 quid
277 1182 316 1214 me
325 1167 451 1222 praeclara
460 1167 536 1223 stirpe
547 1167 655 1224 deorum,

62 1235 93 1291 (si
112 1236 190 1292 modo,
207 1250 277 1290 quem
296 1235 415 1292 perhibes,
432 1238 503 1291 pater
520 1238 557 1283 est
574 1235 741 1291 Thymbraeus

119 1302 215 1360 Apollo)

62 1371 167 1420 invisum
177 1371 236 1419 fatis
245 1372 369 1429 genuisti?
394 1371 447 1419 Aut
454 1386 501 1428 quo
510 1370 557 1417 tibi
566 1369 645 1417 nostri

62 1440 147 1496 pulsus
157 1443 240 1487 amor?
269 1441 332 1497 Quid
341 1456 380 1488 me
390 1439 484 1488 eaelum
494 1453 593 1495 sperare
602 1437 718 1486 iubebas?

62 1511 103 1558 En
112 1508 186 1556 etiam
194 1509 260 1556 hunc
268 1509 348 1565 ipsum
357 1509 423 1564 vitae
434 1507 545 1555 mortalis
554 1506 677 1563 honorem,

62 1592 134 1634 quem
144 1577 203 1624 mihi
212 1577 254 1624 vix
262 1577 363 1634 frugum
373 1582 398 1624 et
408 1577 527 1633 pecudum
537 1575 647 1623 custodia
657 1575 741 1624 sollers

61 1645 144 1693 omnia
152 1645 286 1702 temptanti
295 1645 433 1702 extuderat‚
443 1647 469 1692 te
478 1646 559 1691 matre
568 1644 685 1700 relinquo.

64 1713 129 1771 Quin
139 1728 184 1770 age
193 1715 218 1761 et
227 1713 282 1770 ipsa
290 1729 366 1761 manu
375 1714 455 1761 ielioes
465 1729 522 1761 erue
532 1713 613 1771 silvas,

13 1802 52 1841 ³30
62 1781 102 1829 ier
112 1781 213 1828 stabulis
223 1780 348 1828 inimicum
355 1781 437 1838 ignem
446 1783 519 1837 amne
524 1780 633 1828 interfice
642 1796 740 1836 messes,

62 1864 108 1896 ure
121 1850 183 1906 sata,
194 1851 220 1896 et
228 1848 316 1896 duram
325 1848 350 1895 in
360 1849 422 1896 vites
429 1848 514 1896 molire
523 1848 660 1906 bipennem,

63 1918 136 1966 tauta
144 1933 211 1965 meae
221 1917 274 1964 site
285 1919 401 1973 oeperunt
410 1917 494 1964 taedia
502 1917 597 1964 laudis!

63 1985 99 2033 At
108 1987 188 2033 mater
197 1985 303 2034 sonitum
312 1985 421 2033 thalamo
431 1985 476 2033 sub
486 1985 592 2033 fluminis
601 1985 647 2033 alti

64 2054 148 2102 sensit.
177 2054 239 2102 Eam
249 2054 340 2102 circum
350 2054 447 2102 Milesia
456 2053 546 2101 vellera
555 2052 684 2109 Nymphae

63 2122 196 2178 carpebant
205 2122 271 2178 hyali
280 2125 364 2170 saturo
374 2121 459 2169 fucata
468 2121 555 2178 colore,

64 2190 202 2247 Drymoque
212 2191 359 2246 Xanthoque
369 2189 490 2246 Ligeaque
501 2188 700 2245 Phyllodoceque,

64 2259 194 2306 caesariem
204 2259 296 2306 effusae
305 2258 409 2305 nitidam
419 2273 463 2314 per
473 2257 576 2304 eandida
586 2255 655 2310 oolla,

66 2324 171 2385 [Nesaee
182 2327 284 2383 Spioque
294 2326 426 2381 Thaliaque
436 2320 626 2380 Cymodoceque]

64 2400 217 2456 Cydippeque
228 2402 254 2447 et
263 2399 328 2447 flava
337 2398 459 2455 Lycorias,
470 2397 548 2444 altera
557 2396 634 2452 virgo,

15 2489 52 2526 340
65 2469 209 2518 alteratum
219 2468 309 2524 primos
319 2466 426 2514 Lucinae
435 2466 536 2521 experta
545 2463 647 2520 labores,

114 2537 123 2585 (
133 2537 185 2587 ¹0³)
