1972 3164
424 159 447 195 P.
460 156 578 196 VERGILI
591 157 718 196 MARONIS

233 252 273 300 ille
283 252 348 300 latus
358 252 455 300 niveum
465 250 532 300 molli
541 251 619 299 fultus
628 251 759 309 hyacintho

233 321 286 368 ilice
296 322 340 368 sub
350 322 422 379 nigra
430 321 549 378 pallentes
558 322 668 368 ruminat
676 321 772 379 herbas,

233 392 277 437 aut
287 390 392 446 aliquam
404 391 429 437 in
439 406 528 450 magno
540 391 648 446 sequitur
659 407 740 447 grege.
772 391 906 446 ‘Claudite

289 458 426 516 Nymphae,

233 527 349 574 Dictaeae
358 527 493 583 Nymphae,
504 541 630 574 nemorum
640 528 689 574 iam
700 528 804 574 claudite
815 529 900 583 saltus,

232 595 307 651 siqua
317 596 380 642 torte
390 596 473 642 ferant
482 595 557 642 oculis
568 610 618 642 sese
628 596 698 642 obvia
707 596 796 642 nostris

232 663 371 710 errabunda
380 664 447 710 bovis
456 663 560 720 vestigia
568 681 574 719 3
588 663 692 709 forsitan
701 663 770 709 illum

232 733 276 778 aut
286 731 362 778 herba
371 733 469 787 captum
479 731 550 778 viridi
559 732 603 778 aut
613 733 725 778 armenta
734 733 843 778 secutum

195 812 221 850 60
232 801 368 856 perducant
378 801 472 855 aliquae
482 798 579 845 stabula
588 799 619 845 ad
630 799 750 854 Gortynia
759 801 861 846 vacosa’

233 868 295 914 Tum
306 868 371 915 canit
381 867 544 923 Hesperidum
553 866 668 913 miratam
678 867 744 913 mala
752 867 871 923 puellam

231 937 285 982 tum
295 936 503 983 Phaethontiadas
512 949 595 982 musco
605 936 740 982 circumdat
749 951 846 982 ammae

231 1003 338 1061 corticis,
349 1006 421 1060 atque
432 1005 482 1051 solo
491 1019 603 1060 proceras
613 1004 685 1060 erigit
694 1004 770 1051 alnos.

232 1075 296 1120 Tum
307 1073 382 1130 canit,
393 1075 515 1120 errantem
527 1072 648 1120 Permessi
656 1073 688 1119 ad
698 1073 798 1119 flumina
808 1073 906 1120 Gallum

231 1141 314 1188 Aonas
323 1142 349 1187 in
360 1142 454 1187 montes
464 1142 493 1187 ut
503 1140 600 1188 duxerit
609 1156 659 1187 una
668 1155 785 1197 sororum,

230 1212 306 1266 utque
317 1209 369 1256 viro
379 1208 471 1256 Phoebi
481 1210 568 1256 chorus
578 1209 737 1256 assurrexerit
746 1209 837 1263 omnis;

231 1280 260 1325 ut
270 1278 346 1325 Linus
358 1277 416 1325 haec
425 1277 461 1324 illi
471 1277 551 1324 divino
560 1277 665 1324 carmine
675 1278 758 1331 pastor

232 1347 330 1394 floribus
341 1349 413 1402 atoue
423 1346 478 1402 apio
488 1346 565 1393 crines
575 1347 675 1392 ornatus
686 1360 768 1392 amaro

231 1416 319 1463 dixerit
329 1436 334 1462 :
370 1415 437 1462 ‘Hos
463 1415 509 1462 tibi
535 1415 595 1462 dant
620 1413 733 1471 calamos,
758 1429 789 1460 en
816 1413 905 1469 accipe,

287 1484 381 1539 Musae,

195 1578 220 1615 ⁷0
230 1553 337 1600 Ascraeo
347 1567 405 1609 quos
415 1553 473 1598 ante
483 1551 542 1607 seni,
553 1551 638 1606 quibus
648 1550 688 1598 ille
698 1550 790 1598 solebat

231 1620 353 1668 cantando
362 1620 452 1676 rigidas
462 1621 579 1667 deducere
589 1619 710 1666 montibus
720 1634 799 1666 ornos.
813 1660 816 1664 .

231 1689 279 1737 His
289 1689 335 1736 tibi
345 1689 437 1744 Grynei
445 1689 551 1736 nemoris
561 1688 657 1735 dicatur
667 1688 742 1744 origo,

231 1773 262 1806 ne
272 1759 325 1814 quis
335 1757 367 1804 sit
376 1757 454 1814 lucus,
465 1771 512 1813 quo
522 1772 547 1804 se
557 1756 611 1813 plus
621 1757 696 1803 iactet
705 1755 809 1812 Apollo’

232 1826 297 1884 Quid
310 1826 403 1884 loquar,
414 1829 458 1874 aut
471 1825 576 1882 Scyllam
589 1826 652 1883 Nisi,
665 1840 737 1881 quam
747 1825 814 1871 tama
824 1827 906 1871 secuta

287 1897 324 1942 cst

230 1963 335 2011 candida
344 1963 491 2010 succinctam
501 1961 648 2010 latrantibus
658 1961 759 2018 inguina
768 1960 883 2008 monstris

231 2031 360 2080 Dulichias
371 2046 468 2079 vexasse
477 2033 543 2078 rates
552 2033 578 2078 et
587 2031 683 2088 gurgite
692 2030 718 2077 in
728 2030 779 2077 alto

231 2101 263 2147 ah
272 2104 277 2147 Ι
292 2100 389 2147 timidos
398 2102 488 2146 nautas
498 2100 597 2148 canibus
607 2099 725 2146 lacerasse
735 2097 848 2144 marinis:

231 2171 276 2216 aut
287 2171 315 2216 ut
325 2169 432 2215 mutatos
443 2169 514 2216 Terei
523 2167 659 2215 narraverit
669 2169 747 2223 artus,

230 2253 292 2293 quas
301 2238 337 2283 illi
347 2236 481 2284 Philomela
491 2238 572 2292 dapes,
583 2251 644 2292 quae
654 2236 717 2283 dcna
727 2235 829 2291 pararit,

192 2319 217 2356 80
230 2321 277 2362 quo
287 2321 361 2353 cursu
371 2306 468 2352 deserta
476 2305 599 2361 petiverit,
610 2304 731 2359 atquibus
741 2306 799 2351 ante

228 2374 317 2422 infelix
327 2390 371 2421 sua
380 2376 447 2421 tecta
457 2388 530 2429 super
539 2372 678 2420 volitaverit
687 2372 748 2418 alis?

230 2444 329 2498 Omnia,
339 2457 400 2497 quac
410 2441 507 2488 Phoebo
517 2441 637 2496 quondam
648 2441 781 2488 meditante
791 2439 876 2486 beatus

278 2512 335 2559 (26)
