1972 3164
421 166 443 205 P.
456 165 576 206 VERGILI
590 165 717 206 MARONIS

231 262 280 309 Hei
290 261 349 308 mihi
358 261 436 317 qualis
445 263 508 320 erat,
520 269 638 318 quantum
648 265 760 311 mutatus
770 265 801 311 ab
810 265 853 314 illo

231 331 346 387 Hectore,
357 331 398 386 qni
407 331 471 378 redit
480 332 578 378 exuvias
587 332 687 378 indutus
696 333 794 391 Achilli,

231 399 269 446 vel
280 401 395 447 Danaum
407 400 526 457 Phrygios
536 400 655 447 iaculatus
665 401 786 456 puppibus
796 401 873 458 ignes,

231 467 382 523 squalentem
392 467 493 514 barbam
503 469 528 515 et
538 470 663 516 concretos
673 469 792 526 sanguine
802 469 880 516 crines

232 535 380 591 vulneraque
390 535 432 583 ille
441 551 536 593 gerens,
544 551 604 592 quae
615 536 705 584 circum
715 537 821 592 plurima
827 552 908 584 muros

233 604 326 659 accepit
336 603 441 659 patrios!
456 604 522 650 ultro
532 603 591 651 flens
601 604 651 659 ipse
660 604 760 652 videbar

184 681 220 720 280
233 673 376 728 compellare
385 672 465 720 virum
475 674 501 720 et
510 674 615 719 maestas
625 688 764 728 expromere
773 689 843 721 voces
852 693 858 721 ε

233 740 249 762 “
258 740 279 787 Ο
289 741 331 786 lux
341 741 490 798 Dardaniae,
501 756 555 796 spes
565 756 579 787 o
588 740 704 787 fidissima
714 741 843 798 Teucrum,

232 823 293 864 quae
303 810 387 856 tantae
397 811 499 856 tenuere
509 811 608 856 morae?
621 809 707 864 quibus
717 810 810 857 Hector
820 810 851 856 ab
860 809 909 857 oris

231 879 371 933 exspectate
380 879 464 925 venis?
476 880 505 925 ut
515 880 540 926 te
550 880 605 934 post
615 879 694 925 multa
702 881 802 926 tuorum

231 945 328 1003 funera,
339 947 394 1001 post
404 947 483 993 varios
493 947 666 1002 hominumque
676 947 789 1002 urbisque
798 946 893 993 labores

231 1013 320 1062 defessi
330 1014 458 1070 aspicimus
469 1018 474 1062 l
494 1030 555 1071 quae
565 1031 638 1062 causa
646 1015 746 1072 indigna
756 1030 852 1062 serenos

231 1081 338 1129 foedarit
348 1083 447 1130 vultus?
466 1087 562 1131 auteur
572 1084 631 1131 haec
641 1083 743 1130 vulnera
752 1098 824 1131 cerno
832 1082 865 1129 ?''

232 1151 277 1198 lllo
286 1150 354 1208 nihil,
364 1166 408 1198 nec
418 1167 457 1198 me
467 1154 622 1208 quaerentem
631 1167 695 1199 vana
704 1153 823 1208 moratur,

233 1220 275 1266 sed
284 1220 393 1277 graviter
403 1221 509 1278 gemitus
520 1221 569 1268 imo
577 1222 607 1268 de
617 1222 714 1276 pectore
724 1221 814 1268 ducens

232 1286 314 1334 “Heu
337 1287 402 1346 fuge,
422 1291 480 1336 nate
503 1288 557 1346 dea,
577 1291 648 1344 teqpe
671 1288 709 1334 his
718 1289 733 1308 '’
759 1288 795 1334 ait
819 1285 908 1341 “eripe

288 1355 399 1404 fiammis.

184 1451 221 1488 290
233 1424 318 1470 Hostis
327 1424 401 1472 habet
410 1440 501 1483 muros,
511 1425 562 1472 ruit
571 1425 622 1473 alto
631 1442 647 1473 a
656 1424 760 1473 culmine
770 1423 851 1471 Troia.

233 1493 277 1540 Sat
287 1493 380 1548 patriae
390 1493 533 1549 Priamoque
543 1494 642 1542 datum:
658 1494 678 1542 si
687 1493 807 1550 Pergama
817 1492 904 1539 dextra

232 1561 329 1609 defendi
339 1563 445 1618 possent,
456 1563 530 1609 etiam
539 1562 585 1610 hac
594 1563 694 1610 defense
702 1562 814 1608 fuissent.

234 1630 309 1677 Sacra
318 1645 419 1686 suosque
429 1630 475 1677 tibi
484 1632 636 1678 commendat
646 1630 720 1677 Troia
729 1630 835 1677 Penates
844 1648 850 1674 ε

232 1699 275 1746 hos
285 1714 344 1754 cape
353 1699 460 1746 fatorum
470 1699 577 1756 comites,
588 1699 626 1746 his
635 1699 729 1746 moenia
738 1712 835 1754 quaere,

232 1782 322 1825 magna
331 1769 457 1823 pererrato
467 1769 562 1814 statues
571 1783 633 1823 quae
643 1768 744 1823 deniqne
754 1763 856 1822 ponto.”

232 1836 271 1883 Sic
282 1837 325 1893 ait,
336 1838 361 1882 et
371 1835 481 1883 manibus
491 1836 565 1883 vittas
575 1837 722 1892 Vestamque
732 1837 856 1891 potentem

232 1905 404 1959 aeternumque
411 1905 490 1960 adytis
500 1905 571 1952 effert
582 1903 744 1960 penetralibus
753 1904 844 1960 ignem.

261 1972 378 2019 ‘Diverso
386 1973 481 2020 interea
490 1973 622 2019 miscentur
631 1972 725 2019 moenia
734 1971 811 2029 luctu,

233 2042 257 2088 et
267 2041 345 2098 magis
355 2043 428 2096 atque
438 2041 523 2098 magis,
534 2056 680 2097 quamquam
690 2041 784 2087 secreta
794 2041 901 2095 parentis

184 2138 221 2174 300
232 2108 353 2156 Anchisae
363 2111 448 2157 domus
457 2109 629 2165 arboribusque
639 2109 736 2156 obtecta
745 2108 854 2165 recessit,
881 2118 884 2124 ’

232 2177 369 2225 clarescunt
379 2179 473 2225 sonitus
483 2192 651 2233 armorumque
660 2176 753 2233 ingruit
761 2176 856 2223 horror.

232 2246 351 2293 Excutior
360 2262 451 2304 somno,
461 2249 486 2293 et
496 2245 585 2292 summi
593 2246 693 2302 fastigia
701 2244 761 2292 tecti

232 2329 333 2361 ascensu
342 2331 429 2370 supero
438 2317 510 2370 atque
520 2315 621 2362 arrectis
631 2314 730 2362 auribus
739 2314 793 2359 asto
803 2333 808 2360 ε

230 2381 257 2428 in
267 2385 373 2439 segetem
382 2383 459 2430 veluti
468 2398 522 2430 eum
532 2383 631 2429 flamma
639 2381 778 2429 furentibus
788 2381 887 2428 Austris

231 2452 332 2569 militib
336 2455 379 2569 aut
389 2453 488 2509 rapidus
497 2453 613 2498 montano
623 2450 721 2498 flumine
731 2451 826 2496 torrens
