1972 3164
440 168 581 209 MORETUM

138 281 162 318 30
174 267 311 322 agrestique
322 283 391 313 suum
402 268 494 315 solatur
504 284 560 315 voce
570 268 684 326 laborem,

173 335 296 382 interdum
307 336 395 383 clamat
406 337 531 392 Scybalen.
562 341 615 384 crat
624 339 696 385 unica
705 340 793 395 custos,

173 402 331 460 Atragem,
342 406 395 450 tota
405 405 509 459 patriam
520 407 625 451 testante
636 406 722 463 figura,

172 473 239 518 torta
248 487 340 519 comam
351 473 464 528 labroque
474 476 570 519 tumens
580 475 605 519 et
615 474 683 520 fusca
694 475 779 531 colore,

172 542 268 595 pectore
277 541 337 597 lata,
347 543 427 588 iacens
437 542 555 597 mammis,
567 543 716 597 conpressior
726 544 787 599 alvo,

172 609 282 655 cruribus
292 610 367 665 exilis,
378 610 484 664 spatiosa
493 609 593 666 prodiga
603 610 694 665 planta.

174 674 305 735 [continuis
316 678 382 724 rimis
393 678 505 724 calcanea
514 678 588 725 scissa
597 677 730 738 rigebant]

171 744 233 792 hanc
243 747 314 792 vocet
324 748 396 800 amno
406 746 465 792 focis
475 762 561 793 arsura
570 747 691 802 imponere
700 748 767 804 ligna

171 814 275 868 imperat
286 816 311 861 et
321 814 418 860 flamma
428 814 518 872 gelidos
526 815 620 862 adolere
630 816 740 872 liquores.

200 881 332 937 Postquam
342 882 451 938 implevit
460 897 520 938 opus
529 883 621 930 iustum
631 885 743 932 versatile
754 884 834 941 finem,

135 965 160 1000 40
170 950 290 997 mansfert
299 950 354 997 inde
364 966 438 997 manu
447 951 515 998 fusae
524 951 550 997 in
560 952 640 998 cribra
648 953 740 999 farinas

171 1019 196 1064 et
206 1019 293 1074 quatit,
304 1034 333 1066 ac
342 1021 469 1066 remanent
479 1035 572 1066 summo
582 1019 727 1076 purgamina
737 1020 814 1067 dorso.

171 1087 273 1133 subsidit
282 1088 376 1135 sincera
383 1088 588 1142 foraminibusque
598 1087 707 1142 liquatur

170 1155 303 1202 emundata
312 1157 392 1203 Ceres.
423 1155 469 1202 levi
479 1156 531 1201 tum
542 1155 652 1210 protinus
662 1155 728 1201 illam

170 1224 291 1278 componit
300 1223 394 1278 tabula,
404 1223 499 1278 tepidas
509 1237 582 1277 super
590 1222 680 1278 ingerit
690 1224 776 1279 undas,

170 1292 292 1338 contrahit
302 1291 421 1337 admixtos
432 1306 496 1337 nune
506 1291 585 1337 fontes
596 1293 668 1346 atque
677 1290 770 1338 farinae
781 1313 786 1337 :

169 1362 321 1407 transversat
330 1360 419 1406 durata
429 1375 510 1416 mann,
522 1359 656 1414 liquidoque
667 1362 750 1406 coacto

169 1428 290 1474 interdum
300 1442 398 1484 grumos
408 1429 501 1484 spargit
512 1427 569 1483 sale,
580 1428 673 1482 iamque
684 1427 810 1474 subactum

168 1497 234 1544 levat
244 1512 312 1552 opus,
323 1496 455 1552 palmisque
465 1512 536 1543 suum
546 1496 633 1542 dilatat
642 1495 668 1541 in
677 1496 767 1551 orbem,

168 1567 194 1612 et
204 1566 274 1612 notat
284 1564 398 1620 inpressis
408 1580 483 1619 aequo
492 1563 629 1610 discrimine
638 1563 743 1618 quadris.

133 1646 157 1682 50
168 1633 245 1680 infert
254 1633 309 1680 inde
319 1633 373 1680 ioco
383 1633 493 1689 (Scybale
503 1631 663 1678 mundaverat
673 1633 758 1686 aptum

168 1703 225 1748 ante
235 1700 323 1756 locum)
333 1698 528 1757 testisque‘tegit
539 1715 611 1755 super
620 1702 721 1756 aggerat
730 1699 806 1755 ignes.

168 1769 272 1824 dumque
283 1784 338 1815 suae
348 1769 442 1825 peragit
452 1768 576 1816 Vulcanus
586 1768 707 1823 Vestaque
717 1769 807 1824 partes,

169 1837 274 1894 Simylus
284 1838 377 1884 interea
386 1853 463 1884 vacua
472 1852 520 1884 uon
531 1837 608 1884 cessat
618 1836 643 1882 in
653 1836 720 1891 hora,

167 1921 252 1952 verum
262 1906 334 1953 aliam
342 1905 387 1952 sibi
396 1905 490 1962 quaerit
500 1920 577 1960 opem,
583 1911 636 1950 ‘neu
646 1903 697 1950 sola
706 1903 789 1958 palato

167 1969 199 2015 eit
209 1985 257 2016 non
267 1973 339 2026 grata
348 1970 428 2026 Ceres,
439 1985 498 2024 quas
508 1969 593 2024 iungat
603 1970 728 2022 comparat
737 1982 811 2014 escas.

167 2053 215 2084 non
224 2038 260 2084 illi
270 2053 385 2093 suspensa
393 2038 474 2084 focum
484 2036 595 2083 carnaria
603 2035 680 2089 iuxta,

168 2106 248 2152 durati
258 2105 308 2152 sale
317 2107 388 2160 terga
397 2105 446 2151 suis
455 2103 592 2158 truncique,
602 2103 731 2159 vacabant,

166 2175 284 2221 traiectus
294 2173 399 2220 mediam
409 2174 492 2227 sparto
501 2171 544 2218 sed
552 2186 635 2218 caseus
645 2171 726 2218 orbem

167 2243 272 2288 etvetus
282 2240 393 2288 adstricti
402 2240 475 2286 fascis
485 2239 604 2295 pendebat
614 2239 704 2285 anethi.

131 2315 156 2352 eo
167 2325 225 2366 ergo
234 2309 308 2356 aliem
317 2308 416 2355 molitur
425 2323 494 2363 opem
504 2307 549 2354 sibi
560 2306 673 2362 providus
684 2306 753 2353 aeris.

195 2379 289 2425 Hortus
299 2380 352 2424 erat
362 2377 458 2424 iunctus
468 2376 572 2432 casulae,
583 2390 653 2430 quem
662 2375 752 2421 vimina
762 2389 838 2430 pauca

166 2448 192 2493 et
202 2447 295 2494 calamo
304 2445 412 2494 rediviva
421 2445 468 2491 levi
478 2444 588 2491 munibat
598 2443 716 2499 harundo,

214 2514 283 2564 (477)
