1972 3164
336 163 446 205 AENEIS.
472 165 507 206 111

82 255 165 314 litora,
175 256 219 306 det
228 258 324 316 signum
335 261 432 316 specula
442 261 551 310 Misenus
561 264 592 311 ab
601 265 653 312 elta

34 347 74 388 240
83 340 140 373 sere
145 340 213 374 cavo.
238 327 361 375 Invadunt
368 328 425 376 socii
431 331 455 376 et
463 345 526 377 nova
532 332 622 387 proelia
627 334 758 392 temptant,

81 393 198 442 obscenas
208 394 288 453 pelagi
297 394 364 443 ferro
373 395 471 444 foedere
481 398 599 447 volucres.

82 461 131 510 Sed
140 478 217 519 neque
226 463 276 510 vim
285 464 373 520 plumis
383 464 459 512 ullam
468 481 513 514 nec
522 467 624 516 vulnera
633 469 704 528 tergo

81 530 213 588 accipiunt,
224 531 341 588 celerique
351 531 411 589 fuge
421 533 466 580 sub
476 534 556 582 sidere
565 535 647 592 lapsae

81 613 200 646 semesam
210 600 324 656 praedem
333 602 359 648 et
368 601 471 658 vestigia
480 601 551 650 foeda
560 604 712 660 relinquunt.

83 666 142 714 Une
150 667 176 714 in
186 668 309 723 praecelsa
317 669 426 716 consedit
435 685 496 726 rupe
506 671 618 729 Celaeno,

81 733 169 783 infelix
177 737 255 792 vates,
265 736 404 793 rumpitque
412 737 476 786 hunc
485 741 581 794 pectore
591 755 687 788 vocem:

83 802 205 851 “Bellum
215 805 289 852 etiem
295 820 339 861 pro
349 805 421 852 coede
427 805 499 853 boum
506 807 637 863 stratisque
645 808 759 866 iuvencis,

83 871 311 930 Leomedontisdse,
321 873 442 921 bellumne
451 874 542 923 inferre
551 877 653 933 peratis,

82 941 109 987 et
119 940 198 996 patrio
207 940 331 998 Harpyias
338 941 445 988 insontes
454 943 543 998 pellere
552 947 642 1000 regno?

36 1020 74 1058 2⁵0
83 1007 193 1063 Accipite
202 1023 265 1071 ergo⁷
270 1008 357 1055 animis
367 1011 439 1065 acque
448 1010 508 1058 heeo
517 1027 571 1058 mee
580 1013 647 1069 figite
657 1012 731 1070 dicte,

82 1090 145 1132 quuo
170 1075 267 1124 Phoebo
289 1076 363 1124 Pater
384 1078 544 1136 omnipotens,
567 1081 626 1128 mihi
649 1082 760 1130 Phoebus

139 1143 226 1200 Apollo

82 1213 211 1270 praedixit,
221 1213 288 1260 vobis
298 1213 429 1261 Furiarum
439 1229 483 1271 ego
492 1216 599 1263 maxims
606 1217 694 1273 pondos

82 1281 182 1328 Italiam
191 1297 265 1329 cursu
274 1282 364 1340 petitis,
374 1284 498 1339 ventisque
507 1285 599 1332 vocetis

81 1349 149 1396 ibitis
159 1349 256 1397 Italiam
262 1352 393 1406 portusque
402 1351 494 1398 intrsre
504 1351 585 1399 licebit
594 1371 600 1408 ;

82 1417 127 1466 sed
135 1433 184 1465 nou
193 1421 251 1466 ante
262 1419 345 1466 dotem
355 1418 457 1476 cingetis
467 1420 591 1466 moenibus
600 1420 695 1479 urbem,

83 1501 156 1542 quom
166 1501 208 1534 vos
217 1487 272 1534 diro
280 1486 357 1534 temes
366 1490 511 1542 nostraeque
521 1487 611 1536 iniuria
621 1489 699 1536 coedis

83 1554 193 1602 ambesus
203 1555 301 1612 subigat
309 1555 379 1602 melis
389 1555 516 1603 absumere
526 1557 648 1603 menscs.”

83 1624 162 1681 Dixit,
173 1626 199 1672 et
207 1625 233 1671 in
243 1624 329 1670 silvam
339 1625 423 1680 pennis
434 1625 518 1671 abluta
527 1625 626 1682 refugit.

83 1692 120 1740 At
129 1693 198 1740 sociis
208 1692 289 1739 subita
298 1692 391 1749 gelidus
401 1692 529 1740 formidine
540 1694 639 1752 sanguis

35 1765 74 1806 260
83 1760 190 1818 deriguit
199 1781 205 1808 ι
219 1760 324 1809 cecidere
334 1760 416 1818 animi,
426 1777 470 1808 nec
480 1761 527 1808 ium
538 1763 641 1819 emplius
650 1764 725 1810 ermis

82 1830 126 1877 sed
136 1829 198 1877 votis
207 1829 363 1885 precibusque
372 1829 457 1877 iubent
466 1845 591 1886 exposcere
601 1847 694 1889 pacem,

82 1897 134 1945 sive
146 1898 257 1946 decessu
267 1897 317 1945 sint
326 1898 392 1946 dirce
401 1898 561 1955 obscenaeque
571 1900 688 1948 volucres.

82 1967 118 2014 Et
128 1968 198 2023 peter
207 1967 325 2014 Anchises
335 1967 412 2022 pessis
422 1967 451 2014 de
460 1967 531 2015 litore
541 1968 628 2023 palmis

82 2035 185 2083 numine
194 2051 284 2094 magne
293 2037 364 2083 vocet
373 2036 517 2091 meritosque
527 2036 611 2083 indicit
622 2036 724 2084 honores
734 2057 740 2084 ι

83 2103 100 2125 “
109 2103 144 2151 Di
153 2104 277 2160 prohibete
284 2104 361 2151 minas
370 2123 376 2160 ;
392 2104 417 2151 di
426 2104 500 2151 telem
511 2105 614 2151 evertite
622 2119 704 2150 ossum

82 2173 109 2220 et
119 2172 207 2228 placidi
216 2175 311 2221 servate
321 2172 399 2228 pios.’'
430 2173 492 2219 Tum
502 2172 573 2220 litore
580 2171 663 2218 funem

83 2240 192 2296 deripere
201 2256 359 2296 excussosque
371 2240 439 2287 iubet
449 2241 531 2287 leuare
541 2240 665 2286 rudentes.

82 2309 199 2356 Tendunt
209 2309 263 2356 vele
271 2309 337 2365 noti;
351 2308 452 2356 ferimur
461 2308 630 2363 spumantibus
639 2307 719 2364 undis,

83 2392 132 2432 qua
141 2392 238 2424 cursum
248 2378 381 2433 ventusque
389 2377 584 2433 gubernatorque
593 2374 702 2422 vocabat.

34 2462 73 2499 270
83 2445 142 2562 Iam(
148 2444 225 2562 med)io
234 2447 336 2502 apparet
346 2445 422 2494 fluctu
431 2459 556 2493 nemorose
566 2443 701 2501 Zacynthos
761 2490 763 2493 .

152 2527 185 2562 171
