1972 3164
419 176 529 218 AENEIS.
554 178 597 218 XII

168 272 275 320 volvitur
285 273 340 320 ater
348 272 409 319 otlor
417 273 497 331 tectis,
508 275 561 321 tum
571 288 696 323 murmure
706 291 776 324 caeco

168 341 236 388 intus
247 357 306 388 saxa
314 343 409 398 sonant,
419 357 509 389 vacuas
518 343 539 389 it
548 342 631 389 fumus
641 344 673 390 ed
683 358 762 390 auras.

198 409 293 456 Accidit
304 409 363 457 haec
372 410 442 457 fessis
452 411 526 457 etiam
535 412 637 458 fortuna
647 411 750 468 Latinis,

169 492 230 532 quae
240 478 319 524 totam
328 477 398 525 luctu
408 479 529 526 concussit
538 479 650 526 funditus
660 479 753 526 urbem.

169 544 264 600 Regina
273 546 301 590 ut
311 545 383 592 tectis
392 547 528 593 venientem
538 547 655 602 prospicit
664 546 767 604 bostem,

168 612 255 659 incessi
265 628 355 669 muros,
365 613 433 670 ignes
444 614 475 660 ad
485 616 551 661 tecta
560 615 650 673 velare,

169 697 289 736 nusquam
312 682 375 729 acies
400 683 484 729 contra
510 683 624 741 Rutulas,
649 685 718 732 nulla
746 684 845 744 agmina

227 749 318 796 Turni:

169 816 255 863 infelix
265 833 361 874 pugnae
370 818 481 866 iuvenem
490 819 516 866 in
526 821 656 869 certamine
666 823 743 869 credit

171 885 317 933 exstinctum
328 888 361 944 ct,
372 887 452 935 subito
462 890 567 936 mentem
577 889 680 937 turbata
689 891 779 948 delore,

122 957 158 994 600
169 968 195 1000 se
204 969 303 1001 causam
313 955 403 1002 clamat
413 956 549 1013 crimenque
559 961 679 1014 caputque
690 960 817 1015 malcrum,

168 1022 293 1079 multaque
302 1039 347 1079 per
356 1026 476 1071 maestum
486 1025 583 1072 demens
593 1027 669 1072 effata
678 1026 794 1083 furorem,

168 1105 302 1146 purpureos
313 1092 432 1138 moritura
441 1108 516 1139 manu
525 1093 639 1139 discindit
649 1093 761 1148 amictus,

168 1160 194 1205 et
204 1161 294 1205 nodum
304 1160 416 1206 informis
425 1160 470 1206 leti
479 1161 551 1206 trabe
561 1161 638 1206 nectit
648 1160 679 1205 ab
688 1160 748 1207 alte.

170 1227 250 1282 Quam
260 1228 353 1274 cladem
363 1228 465 1274 miserae
475 1229 602 1282 postquam
612 1243 725 1283 accepere
735 1229 846 1286 Latinae,

170 1294 221 1339 filia
230 1294 310 1350 prima
319 1310 394 1340 manu
403 1294 478 1341 flavos
488 1294 590 1341 Lavinia
599 1296 677 1342 crines

170 1363 196 1408 et
206 1376 287 1408 roseas
297 1361 391 1407 laniatu
399 1377 482 1418 genas,
493 1362 547 1408 tum
557 1363 638 1410 cetera
647 1363 738 1411 circum

169 1429 244 1475 turba
253 1429 315 1476 furit
326 1450 332 1476 ε
347 1432 462 1476 resonant
470 1430 520 1477 late
530 1430 686 1489 plangoribus
695 1434 774 1480 aedes.

170 1502 237 1549 Hinc
246 1503 326 1548 tetam
335 1501 420 1548 infelix
429 1502 545 1558 vulgatur
554 1503 621 1550 fama
630 1519 674 1559 per
683 1505 776 1551 urbem.

171 1571 315 1618 Demittunt
324 1572 417 1617 mentes
426 1589 432 1626 ;
446 1570 466 1616 it
476 1572 551 1618 scissa
560 1573 626 1619 veste
637 1573 749 1630 Latinus,

122 1640 157 1678 510
170 1638 279 1695 coniugis
289 1640 410 1685 attonitus
419 1639 478 1686 fatis
488 1639 600 1695 urbisque
609 1640 689 1698 ruina,

169 1707 283 1753 canitiem
293 1705 417 1754 immundo
427 1708 550 1763 perfusam
559 1709 657 1763 pulvere
667 1711 778 1766 turpans.

172 1773 312 1832 [Multaque
323 1791 348 1822 se
357 1775 462 1833 incusat,
473 1776 514 1832 qui
523 1792 572 1823 nou
582 1777 701 1833 acceperit
710 1779 767 1825 aute

169 1842 320 1889 Dardanium
330 1845 430 1891 Aenean
440 1861 601 1901 generumque
612 1846 726 1893 asciverit
735 1845 822 1904 ultre]

196 1911 295 1959 Interea
304 1913 413 1959 extremo
422 1912 526 1961 bellator
534 1913 561 1959 iu
570 1929 672 1970 aequore
682 1915 781 1961 Turnus

168 1979 279 2034 palantes
290 1981 399 2036 sequitur
409 1997 497 2035 paucos
507 1982 555 2027 iam
566 1982 670 2037 segnior,
682 1982 754 2035 atque

167 2046 216 2092 iam
227 2047 307 2092 minus
316 2047 478 2101 aequemus
488 2062 599 2093 successu
608 2047 687 2091 laetus
697 2060 820 2098 equorum.

168 2112 263 2159 Attulit
272 2113 337 2159 huuc
345 2113 383 2158 illi
392 2113 469 2157 caecis
478 2112 610 2157 terroribus
620 2126 681 2156 aura

169 2178 327 2226 commixtum
337 2179 474 2233 clamorem,
486 2180 639 2231 arrectasque
649 2176 746 2230 impulit
756 2192 826 2224 aures

170 2246 284 2293 confusae
294 2260 366 2291 sonus
376 2244 443 2289 urbis
453 2246 478 2290 et
488 2244 617 2291 illaetabile
627 2259 746 2290 murmur.

122 2321 159 2359 620
172 2314 178 2335 ‘
188 2313 237 2360 Hei
246 2312 318 2359 mihi!
334 2313 392 2368 quid
401 2313 472 2359 tento
482 2312 615 2358 turbantur
626 2311 719 2357 moenia
728 2310 811 2358 luctu?

170 2381 253 2438 quisve
263 2382 314 2428 ruit
323 2383 408 2428 tantus
419 2380 513 2427 diversa
523 2380 613 2427 clamor
623 2379 653 2425 ab
663 2379 750 2426 urbei'

313 2470 348 2501 605.
370 2464 529 2500 ‘noros’servius
535 2465 556 2501 et
563 2464 606 2500 edd.
614 2462 707 2505 plerique.

218 2520 226 2568 (
235 2534 271 2569 423
281 2519 288 2568 l
