1972 3164
359 167 552 208 eremmon.
575 169 614 217 lx,
626 169 646 208 x

130 282 154 318 ⁴0
192 267 299 323 proemia
308 265 428 314 Messallis
437 266 543 313 maxima
551 265 689 312 Publicolis.

165 349 221 381 nom
231 334 288 389 quid
294 349 339 390 ego
345 333 448 380 inmensi
454 348 583 381 memorem
593 332 674 380 studia
679 331 728 378 ista
733 330 839 378 laboris?

192 401 291 447 horrida
300 401 357 455 quid
366 401 442 448 duree
450 403 561 456 tempora
569 399 687 447 miliiiee?

165 471 247 517 oestro
256 469 309 516 foro
318 470 399 526 toties,
409 469 465 516 urbi
474 483 620 526 praeponere
629 469 717 524 eastre,

194 539 246 584 tum
256 537 340 592 procul
349 538 409 585 haee
418 539 501 595 gneio,
511 539 563 584 iem
573 536 656 594 proenl
665 537 725 583 hmo
735 534 831 591 petrin?

166 606 318 653 inmoderate
327 607 379 662 pati
387 606 437 652 iam
446 605 545 662 frigore,
555 606 649 660 iamque
659 604 766 652 calores?

195 675 301 722 sternere
311 675 350 722 vel
359 675 421 722 (lura
430 690 498 730 posse
508 690 580 730 super
589 674 653 721 siliee
662 675 673 721 l

167 757 237 798 saepe
247 744 340 790 iruoem
350 744 450 790 adverso
459 743 551 799 perlabi
559 743 636 790 sidere
645 744 762 798 ponium?

195 825 266 866 saepe
276 827 342 859 mere
351 812 461 859 eudendo
470 812 572 869 sineere,
584 827 654 867 saepe
663 811 782 858 hiemem?

167 893 238 934 saepe
248 879 321 927 etiem
331 881 417 927 densos
426 880 548 927 inmittere
558 895 644 935 eorpus
655 879 681 925 in
694 879 783 934 hostes,

132 958 157 996 ⁵0
197 963 346 996 eommunem
356 948 413 996 belli
422 964 466 996 neo
475 949 584 996 timuisse
593 949 682 995 deum?

167 1032 231 1065 nuno
242 1017 329 1064 eeleres
337 1016 419 1073 Afros,
429 1017 539 1072 periurae
548 1015 615 1062 milia
624 1014 712 1070 geniis,

193 1101 268 1132 auree
277 1101 342 1132 nuno
349 1085 428 1141 rapidi
437 1085 538 1131 flumine
546 1083 613 1129 edire
622 1081 697 1137 Tagi?

166 1170 231 1200 nuno
241 1154 313 1201 aliem
322 1170 353 1201 ex
362 1153 411 1200 elie
419 1152 531 1199 bellando
539 1165 655 1206 quaerere
664 1150 761 1204 geniem

196 1222 292 1269 vincere
301 1223 327 1268 ei
336 1221 427 1267 Ooeoni
436 1220 524 1266 finibus
533 1218 654 1265 ulterius?

168 1304 216 1335 non
236 1290 347 1335 nostrum
366 1289 403 1334 esi
418 1288 510 1341 lenies,
527 1301 584 1342 non,
600 1285 707 1341 inquam,
723 1283 844 1338 attingere

225 1356 317 1411 leudes,

199 1424 257 1480 quin
267 1423 344 1470 ausim
353 1423 398 1469 hoo
408 1422 481 1470 etiam
491 1423 576 1480 dicere,
587 1423 628 1469 vix
636 1421 759 1469 hominum
769 1420 814 1466 esi.

170 1494 223 1550 ipsu
232 1493 300 1548 heeo,
308 1492 360 1548 ipse
367 1491 535 1538 ferenirerum
543 1492 699 1538 monnmenlu
705 1504 748 1544 per
753 1487 843 1544 orbem,

199 1562 252 1618 ipsa
261 1560 306 1607 sibi
316 1559 440 1618 egregium
449 1560 517 1606 leole
526 1561 598 1607 decus
608 1559 704 1614 parient
714 1577 719 1604 ι

170 1646 214 1678 nos
224 1645 260 1686 ee,
271 1644 332 1684 queo
341 1630 422 1676 ieonm
432 1627 554 1675 finxerunt
565 1628 672 1676 earmina
682 1625 738 1681 divi,

134 1704 160 1743 60
200 1698 319 1755 Cynthius
329 1700 353 1745 el
364 1697 458 1754 Musae,
469 1697 579 1743 Beeohus
589 1699 613 1744 el
622 1695 718 1753 Aglaie,

171 1768 192 1815 si
201 1767 272 1815 leude
283 1767 406 1822 sdspirere
416 1765 514 1812 humilis
524 1767 548 1812 et
558 1765 624 1813 odire
634 1766 750 1822 Cyrenes,

198 1836 219 1885 si
231 1835 311 1892 patrio
320 1835 406 1883 Graios
416 1834 521 1882 carmine
530 1835 596 1882 edire
607 1835 668 1882 sales

170 1920 304 1962 possumus,
315 1903 406 1959 optatis
415 1903 469 1959 plus
478 1902 527 1949 iem
537 1903 686 1958 procedimus
695 1901 762 1957 ipsis.

197 1974 243 2021 hoo
261 1972 320 2020 salis
330 1973 367 2019 est
376 1991 382 2027 ;
397 1970 482 2028 pingui
491 1971 526 2016 nil
535 1970 595 2016 mihi
604 1985 659 2016 oum
669 1967 764 2022 populo.

446 2090 470 2135 Χ
483 2089 575 2142 (vm).

257 2171 361 2218 Sabinus
371 2169 419 2223 illo,
430 2181 500 2221 quem
509 2165 604 2218 videtis,
614 2162 730 2217 hospites,

229 2240 265 2286 ait
275 2237 349 2284 fuisse
358 2235 433 2281 mulio
443 2233 580 2279 celerrimus

229 2320 306 2360 neque
315 2303 389 2350 ullius
399 2300 503 2347 volantis
512 2300 622 2356 inpetum
632 2298 674 2344 oisi

231 2373 340 2429 nequisse
350 2369 491 2427 praeterire,
501 2369 551 2416 sive
561 2368 690 2414 Mantuam

230 2458 290 2498 opus
301 2441 364 2488 foret
374 2437 455 2485 volere
467 2436 517 2483 sive
526 2435 643 2483 Brixiam.

224 2512 230 2559 (
241 2526 274 2561 441
286 2512 293 2559 l
