1972 3164
427 194 536 234 AENEIS.
562 196 594 234 1x

171 292 298 349 antiquum
307 294 333 340 in
343 292 434 340 Buten.
464 293 513 340 Hic
523 292 650 340 Dardanio
660 293 782 341 Anchisae

171 361 277 418 armiger
286 363 343 408 ante
353 360 402 408 fuit
412 360 521 418 fidusque
531 362 562 409 ad
572 361 657 408 limina
666 363 748 409 custos
758 381 764 418 ;

171 432 225 476 tum
236 430 347 477 comitem
361 429 466 477 Ascanio
479 432 550 486 pater
564 430 665 477 addidit.
696 429 752 476 Ibat
761 428 850 485 Apollo

123 509 160 554 65⁰
172 499 253 546 omnia
262 498 378 554 longaevo
389 498 481 556 similis,
491 513 622 554 vocemque
631 497 782 554 coloremque

172 569 198 614 et
207 567 285 614 crines
295 566 361 614 albos
371 568 397 614 et
407 582 480 614 saeva
489 568 614 616 sonoribus
625 583 702 626 arma,

172 638 246 691 atque
255 635 293 682 his
303 635 430 683 ardentem
440 637 510 684 dictis
520 637 613 684 affatur
621 637 702 683 Iulnm
713 659 718 685 ι

172 704 179 726 ‘
189 704 226 751 Sit
237 704 305 760 satis,
315 703 416 761 Aenide,
427 705 482 751 telis
492 705 590 761 impune
600 706 742 752 Numanum

172 772 301 829 oppetiisse
311 771 361 818 tuis
370 791 376 829 ς
392 773 496 828 primam
507 774 570 821 hano
579 774 625 821 tibi
635 789 738 832 magnus
749 773 837 828 Apollo

175 842 285 890 concedit
295 840 391 888 laudem
401 843 426 888 et
433 841 532 897 paribus
541 858 590 890 non
600 842 692 890 invidet
702 841 776 889 armis
787 862 792 888 ι

173 913 254 958 cetera
263 925 344 967 parce,
355 926 423 968 puer,
434 911 514 958 bello!
546 910 584 959 Sic
594 927 664 959 orsus
674 911 762 967 Apollo

173 979 288 1027 mortales
298 979 376 1026 medio
385 981 497 1034 aspectus
507 995 616 1028 sermone
625 980 732 1036 reliquit,

174 1050 200 1095 et
210 1047 294 1104 procul
303 1047 329 1094 in
338 1050 437 1095 tenuem
447 1064 477 1095 ex
487 1049 563 1096 oculis
572 1049 672 1096 evanuit
682 1064 775 1095 auram.

174 1117 301 1174 Agnovere
311 1117 383 1164 deum
394 1132 504 1172 proceres
514 1117 643 1174 divinaque
652 1117 703 1165 tela

126 1188 166 1227 660
176 1186 338 1244 Dardanidae,
349 1186 536 1241 pharetramque
542 1186 603 1242 fuga
611 1201 707 1233 sensere
714 1186 849 1233 sonantem.

176 1255 243 1311 Ergo
252 1255 349 1301 avidum
359 1270 454 1311 pugnae
465 1254 536 1301 dictis
546 1269 575 1302 ac
584 1254 683 1302 numine
694 1253 784 1301 Phoebi

176 1323 307 1370 Ascanium
317 1323 455 1380 prohibent,
466 1322 512 1378 ipsi
521 1322 547 1368 in
556 1323 691 1371 certamina
700 1337 786 1368 rursus

176 1393 308 1440 succedunt
318 1392 457 1447 animasque
466 1391 492 1438 in
502 1394 589 1447 aperta
598 1391 705 1448 pericula
715 1389 826 1438 mittunt.

176 1462 202 1508 It
212 1460 302 1508 clamor
311 1461 369 1508 totis
379 1476 423 1516 per
432 1460 615 1516 propugnacula
624 1459 710 1516 muris,

175 1529 307 1576 intendunt
316 1544 384 1576 acres
393 1543 464 1576 arcus
474 1530 644 1584 ammentaqne
653 1527 776 1583 torquent.

177 1597 302 1646 Sternitur
311 1611 381 1644 omne
391 1596 467 1645 solnm
475 1598 540 1655 telis,
550 1600 605 1644 tum
615 1598 686 1645 scuta
696 1609 815 1650 cavaeque

177 1667 238 1714 dant
248 1666 354 1713 sonitum
364 1665 432 1713 flictu
441 1666 533 1723 galeae,
544 1681 627 1723 pugna
636 1680 724 1721 aspera
733 1663 813 1720 surgit
823 1683 828 1710 ε

178 1736 283 1792 quantus
297 1734 328 1781 ab
337 1749 423 1781 occasu
433 1735 531 1782 veniens
541 1733 687 1791 pluvialibus
698 1732 791 1779 Haedis

177 1804 290 1852 verberat
294 1803 371 1850 imber
375 1802 484 1862 humum,
493 1819 564 1859 quam
571 1801 772 1860 multagrandine
778 1799 854 1847 nimbi

129 1884 168 1932 670
177 1874 204 1921 in
210 1874 272 1920 vada
278 1873 449 1930 praecipitant,
458 1888 512 1919 cum
520 1872 631 1928 Iuppiter
637 1871 749 1917 horridus
755 1869 854 1916 Austris

178 1945 276 1999 torquet
291 1957 405 1999 aquosam
425 1941 527 1988 hiemem
551 1942 576 1987 et
599 1939 665 1987 caelo
687 1954 747 1986 cava
770 1937 855 1984 nubila

234 2010 334 2067 rumpit.

208 2080 334 2127 Pandarus
344 2078 369 2126 et
378 2076 469 2134 Bitias,
480 2076 553 2124 Idaeo
562 2075 682 2122 Alcanore
692 2073 762 2130 creti,

179 2164 238 2207 quos
248 2149 312 2197 Iovis
322 2145 405 2196 eduxit
415 2145 470 2192 luco
479 2143 596 2191 silvestris
607 2144 685 2199 Iaera,

179 2217 298 2266 abietibus
308 2217 406 2263 iuvenes
416 2212 502 2269 patriis
512 2214 536 2259 et
546 2210 669 2259 montibus
678 2223 775 2265 aequos,

180 2289 285 2344 portam,
295 2299 355 2342 quae
366 2282 434 2330 ducis
444 2281 547 2336 imperio
556 2279 692 2334 commissa,
703 2276 841 2332 recludunt,

179 2355 238 2403 freti
247 2354 330 2409 armis,
340 2351 453 2406 ultroque
463 2349 571 2396 invitant
582 2345 706 2393 moenibus
715 2345 818 2392 hostem.

179 2424 233 2480 Ipsi
241 2424 308 2470 intus
319 2422 407 2469 dextra
416 2434 445 2465 ac
454 2418 525 2464 laeva
534 2432 578 2472 pro
587 2414 697 2462 turribus
707 2413 798 2469 astant,

181 2492 269 2539 armati
278 2491 344 2538 ferro
353 2490 378 2535 et
388 2486 468 2535 cristis
478 2485 560 2541 capita
569 2484 621 2531 alta
630 2481 722 2530 corusci
731 2501 736 2528 ι

229 2560 299 2610 (339)
