1972 3164
437 164 577 204 MORETUM

170 264 195 311 et
205 262 304 310 summis
315 262 403 318 spoliat
413 263 482 309 coriis
493 264 678 317 contemptaque
689 265 777 318 passim

170 331 264 388 spargit
286 331 353 377 humi
373 334 445 386 atque
464 331 544 377 abicit.
588 334 711 377 servatum
735 332 844 387 grmnine

226 399 325 446 bulbum

169 468 261 525 tinguit
271 484 334 523 aqua
343 469 475 524 lapidisque
485 483 570 514 cavum
581 468 683 514 dimittit
693 467 718 512 iu
729 467 818 513 orbem.

170 536 207 582 his
218 536 274 582 salis
284 537 401 593 inspergit
411 537 493 592 micas,
504 537 554 583 sale
563 537 638 582 durus
649 536 720 582 adeso

171 619 255 651 caseus
265 605 377 661 adicitur,
388 605 464 651 dictas
475 620 547 659 super
556 604 640 651 interit
650 603 746 660 herbas,

126 688 161 714 ยน00
171 672 196 718 et
206 671 276 719 laeva
284 674 375 719 vestem
386 674 480 719 saetosa
490 672 534 718 sub
544 672 644 728 inguina
652 671 731 718 fulcit.

172 740 273 787 dextera
282 740 372 796 pistillo
381 740 486 795 primum
496 740 633 796 fragrantia
642 739 720 786 mollit

171 808 237 864 allia,
248 813 301 854 tum
311 809 403 864 pariter
413 809 488 855 mixto
497 808 556 855 terit
566 809 647 854 omnia
657 823 721 855 suco.

171 877 192 922 it
201 891 287 923 manus
297 876 322 923 in
332 892 433 932 gyrum:
448 876 573 932 paullatim
585 877 681 933 singula
688 877 751 923 vires

172 944 308 999 deperdunt
318 945 435 1001 proprias,
446 944 511 992 color
519 946 557 991 est
567 959 580 990 e
590 945 699 1000 pluribus
709 961 780 1000 uuus,

171 1026 217 1059 nec
226 1013 293 1058 totus
302 1012 393 1069 viridis,
405 1012 460 1068 quia
469 1012 548 1058 lactea
557 1012 638 1058 frusta
647 1015 794 1068 repugnant,

171 1094 217 1127 nec
226 1080 256 1127 de
266 1076 328 1128 lacte
338 1081 425 1138 nitens,
437 1081 493 1136 quia
501 1082 539 1127 tot
549 1080 659 1126 variatur
666 1081 697 1126 ab
707 1080 795 1127 herbis.

172 1161 242 1202 saepe
252 1148 298 1194 viri
307 1164 377 1195 nares
388 1164 443 1195 acer
451 1148 573 1194 iaculatur
582 1151 679 1203 apertas

173 1215 272 1271 spiritus
282 1218 307 1262 et
317 1217 377 1262 simo
387 1217 487 1261 damnat
497 1231 541 1260 sua
551 1216 653 1270 prandia
662 1217 741 1272 vultu,

173 1297 244 1338 saepe
253 1298 328 1329 manu
337 1298 430 1329 summa
440 1283 592 1329 lacrimantia
601 1283 693 1330 lumina
702 1285 777 1341 tergit

127 1367 163 1394 uo
173 1350 330 1405 inmeritoque
340 1351 423 1397 imeae
433 1351 492 1397 dioit
501 1350 607 1397 convicia
617 1350 692 1397 fumo.

173 1418 318 1474 procedebat
327 1434 387 1474 opus
397 1439 402 1465 :
417 1434 465 1464 non
474 1419 522 1464 iam
533 1418 675 1474 salebrosas,
686 1421 714 1465 ut
724 1420 790 1474 ante,

173 1487 216 1533 sed
224 1486 322 1543 gravior
331 1486 409 1532 lentos
419 1486 470 1532 ibat
480 1486 584 1541 pistillus
594 1486 619 1531 in
629 1485 705 1532 orbes.

173 1569 232 1611 ergo
242 1554 344 1601 Palladii
353 1557 437 1611 guttas
447 1555 550 1600 instillat
560 1553 616 1600 olivi

174 1622 300 1679 exiguique
310 1637 382 1678 super
391 1623 454 1669 vires
464 1622 570 1668 infundit
580 1621 650 1677 aceti,

174 1692 247 1746 amus
256 1691 345 1737 iterum
352 1690 488 1737 commiscet
494 1705 553 1745 opus
561 1690 710 1743 mixtumque
719 1690 846 1738 retractat.

174 1761 227 1806 tum
238 1759 335 1805 demum
345 1758 425 1814 digitis
435 1759 552 1804 mortaria
561 1760 614 1804 tota
624 1758 715 1804 duobus

174 1826 260 1874 circuit
269 1825 341 1881 inque
350 1826 447 1883 globum
457 1826 574 1872 distantia
583 1826 705 1872 contrahit
715 1841 799 1881 unum,

175 1897 269 1941 constet
278 1897 307 1941 ut
317 1895 397 1942 effecti
407 1895 496 1950 species
506 1909 638 1948 nomenque
648 1893 742 1940 moreti.

175 1963 239 2009 eruit
248 1963 342 2010 interea
351 1963 451 2018 Scybale
461 1978 553 2018 quoque
563 1962 647 2008 sedula
656 1976 743 2017 panem
753 1982 759 2007 :

129 2047 165 2074 120
176 2046 246 2085 quom
256 2031 327 2077 tertis
336 2030 422 2084 recipit
432 2030 550 2085 manibus,
562 2029 676 2084 pulsoque
685 2029 772 2075 timoro

175 2098 223 2145 iam
233 2098 314 2153 famis,
325 2098 396 2152 inque
405 2097 468 2143 diem
477 2112 574 2143 securus
586 2097 690 2152 Simylus
700 2096 776 2152 illam,

176 2166 252 2212 ambit
262 2180 334 2212 crura
343 2165 418 2211 ocreis
428 2164 535 2220 paribus,
546 2166 672 2219 tectusque
681 2165 764 2221 galero

176 2233 287 2289 subiuga
296 2234 409 2288 parentes
419 2233 481 2288 cogit
491 2232 571 2279 lerata
579 2232 700 2289 iuvencos,

175 2303 248 2356 atque
257 2301 309 2357 agit
318 2302 345 2349 in
354 2302 447 2357 segetes
456 2303 482 2348 et
491 2303 572 2349 terrae
582 2302 664 2348 condit
674 2303 793 2348 aratrum.

227 2499 294 2550 (479)
