1972 3164
315 171 426 211 assisis.
452 173 484 211 1v

60 265 173 314 ‘Mecum
188 267 236 314 erit
252 267 297 313 iste
310 266 386 314 labor.
417 267 490 315 Nunc
504 282 551 323 qua
565 267 659 315 ratione
673 264 738 325 quod

116 335 193 382 instat

59 402 157 450 confieri
167 403 249 460 possit,
261 403 351 460 paucis,
360 401 468 461 adverte,
479 403 577 451 docebo.

59 472 184 518 Venatum
194 472 289 518 Aeneas
298 487 393 527 unaque
403 472 538 518 miserrima
548 470 612 519 Dido

59 538 86 585 in
95 553 180 586 nemus
189 539 225 586 ire
235 541 331 596 parant,
342 539 384 585 ubi
393 539 483 594 primos
493 539 614 586 crastinus
624 539 694 586 ortus

60 606 177 655 extulerit
186 608 259 654 Titan
271 607 391 662 radiisque
400 607 517 654 retexerit
526 607 616 655 orbem.

14 687 50 714 1²0
60 675 109 722 His
118 690 163 732 ego
172 676 309 732 nigrantem
319 675 449 722 commixta
457 675 575 731 grandine
585 675 703 732 nimbum,

60 744 119 791 dum
128 744 251 800 trepidant
261 743 314 790 alae
324 743 447 799 saltusque
455 743 568 801 indagine
578 743 689 800 cingunt,

60 812 164 868 desuper
172 811 309 867 infundam,
319 813 345 858 et
353 811 448 858 tonitru
457 811 550 858 caelum
560 826 630 858 omne
640 811 715 858 ciebo.

60 879 198 937 Diffugient
207 879 307 927 comites
316 881 342 926 et
350 881 420 926 nocte
430 881 544 936 tegentur
553 895 629 936 opaca
638 900 644 927 ε

59 948 199 1005 speluncam
209 948 273 996 Dido
283 949 333 995 dux
342 950 367 995 et
377 947 495 994 'Ihoianus
505 948 606 995 eandem

60 1017 196 1065 devenient.
225 1017 306 1064 Adero
315 1019 349 1072 et,
358 1017 404 1063 tua
413 1015 434 1062 si
443 1016 503 1062 mihi
513 1019 580 1064 certa
589 1015 712 1071 voluntas,

60 1085 162 1133 conubio
170 1086 270 1143 iungam
280 1085 361 1133 stabili
370 1085 537 1141 propriamque
547 1083 631 1132 dicabo
639 1103 646 1139 3

60 1155 100 1202 hic
110 1155 255 1210 hymenaeus
265 1154 328 1202 erit.’
359 1154 416 1201 Non
425 1154 555 1200 adversata
564 1152 659 1208 petenti

60 1222 149 1270 annuit
158 1224 231 1278 amus
241 1223 301 1270 dolis
310 1222 364 1269 risit
375 1222 494 1278 Cytherea
502 1220 614 1276 repertis.

92 1291 215 1339 Ooesnum
224 1291 319 1338 interea
328 1305 429 1346 surgens
439 1289 537 1336 Aurora
546 1288 652 1344 reliquit.

13 1377 52 1414 130
62 1360 88 1407 It
102 1360 178 1416 portis
187 1359 272 1407 iubare
281 1361 365 1406 exorto
375 1358 469 1404 delecta
477 1357 606 1413 iuventus;

61 1428 126 1476 retia
135 1443 200 1484 rara,
210 1427 304 1485 plagae,
315 1426 367 1473 lato
376 1425 496 1472 venabula
503 1425 578 1482 ferro,

61 1495 210 1552 Massylique
220 1496 296 1542 ruunt
305 1495 397 1550 equites
407 1496 432 1541 et
442 1494 517 1540 odora
527 1508 615 1540 canum
625 1493 670 1541 vis.

61 1564 183 1623 Reginam
192 1563 300 1610 thalamo
310 1564 464 1610 cunctantem
474 1562 506 1608 ad
515 1561 599 1608 limina
608 1561 680 1617 primi

63 1632 198 1680 Poenorum
208 1631 359 1688 exspectant,
369 1633 480 1686 ostroque
490 1629 592 1687 insignis
601 1631 626 1677 et
636 1645 697 1677 auro

62 1703 114 1750 stat
124 1701 219 1756 sonipes
228 1716 257 1748 sc
266 1699 337 1746 trena
346 1699 415 1746 ierox
425 1698 564 1754 spumantia
573 1698 674 1745 mandit.

62 1770 172 1818 Tandem
181 1768 335 1826 progreditur
344 1783 432 1823 magna
442 1767 548 1822 stipante
558 1768 664 1824 caterva,

63 1839 186 1886 Sidoniam
197 1837 262 1894 picto
271 1835 421 1892 chlamydem
431 1835 580 1883 circumdata
590 1836 671 1884 limbo.

63 1907 111 1955 cui
120 1907 235 1963 pharetra
242 1921 272 1953 ex
282 1920 349 1962 anno,
360 1904 438 1952 crines
446 1905 569 1951 nodantur
577 1905 602 1950 in
612 1920 708 1962 aurum,

63 1990 139 2022 anrea
148 1989 294 2030 purpuream
304 1973 425 2020 subnectit
434 1973 509 2020 fibula
518 1975 618 2020 vestem.

12 2059 54 2096 ¹40
64 2044 117 2091 Nec
126 2058 174 2090 non
184 2046 209 2091 et
219 2042 318 2099 Phrygii
327 2043 426 2089 comites
436 2044 461 2089 et
470 2041 549 2089 laetus
559 2042 627 2088 Iulus

64 2111 189 2159 incedunt.
218 2112 274 2166 Ipse
284 2111 341 2157 ante
351 2110 410 2157 alios
419 2110 596 2166 pulcherrimus
606 2124 688 2156 omnes

63 2179 140 2227 infert
149 2195 174 2227 se
184 2179 275 2226 socium
284 2178 380 2226 Aeneas
390 2180 462 2233 atque
471 2178 570 2234 agmina
578 2177 668 2233 iungit.
751 2175 753 2178 ⁴

64 2248 149 2305 Qualis
159 2247 201 2295 ubi
210 2247 335 2294 hibernam
345 2247 443 2302 Lyciam
453 2247 592 2301 Xanthique
602 2244 694 2292 fluenta

64 2316 154 2364 deserit
163 2331 192 2363 ac
201 2316 291 2363 Delum
301 2317 437 2362 maternam
447 2315 530 2361 invisit
540 2313 628 2368 Apollo

63 2385 232 2440 instauratque
242 2383 335 2440 choros,
346 2383 462 2438 mixtique
471 2381 560 2428 altaria
570 2380 660 2428 circum

65 2453 195 2508 Cretesque
201 2453 357 2508 Dryopesque
366 2450 476 2498 fremunt
481 2449 586 2505 pictique
592 2447 724 2506 Agathyrsi
733 2468 740 2507 ;

114 2520 185 2569 (τοι)
582 2550 586 2557 ·
