1972 3164
299 181 493 244 ereremum

20 290 46 316 20
58 274 112 322 Hos
121 274 211 323 natura
219 274 302 324 modos
312 275 417 333 primum
427 275 501 334 dedit,
511 275 549 323 his
560 292 635 336 genus
644 294 714 328 omne

56 343 174 393 silvarum
181 345 345 402 fruticumque
351 346 414 393 viret
422 361 593 401 nemorumque
601 362 733 397 sacrorum.

86 413 150 461 Sunt
163 413 212 471 alii,
223 430 281 471 quos
290 415 342 471 ipse
351 415 392 462 via
401 415 447 462 sibi
456 415 564 471 repperit
573 430 639 463 usus.

56 482 107 529 Hic
116 482 213 538 plantas
222 484 306 530 tenero
316 483 458 530 abscindens
468 483 498 530 de
508 498 607 538 corpore
617 485 723 532 matrum

55 551 168 606 deposuit
178 551 265 607 sulcis3
279 551 319 598 hic
328 552 416 608 stirpes
426 552 507 598 obruit
517 567 575 598 arvo

56 619 250 675 quadrifidesque
260 620 331 667 sudes
341 622 366 667 et
376 622 448 668 acuto
457 620 542 667 robore
552 621 636 668 vallos.

57 687 226 743 Silvarumque
236 688 297 735 aliae
307 703 401 745 pressos
411 688 551 747 propaginis
561 704 631 736 arcus

56 758 200 811 exspectant
210 758 235 803 et
245 757 300 803 vira
310 773 354 803 sua
364 757 486 813 plantaria
494 759 575 814 terra3

57 825 93 871 nil
103 823 191 872 radicis
200 827 272 882 egent
283 825 352 883 aliae,
363 841 529 881 summumque
542 828 643 881 putator

57 892 124 940 haud
134 893 230 941 dubitat
240 896 319 941 terrae
329 894 436 941 referens
445 895 561 941 mandare
568 911 692 943 cacumen.

20 977 47 1013 30
58 961 124 1018 Quin
133 962 158 1009 et
168 961 304 1008 caudicibus
315 962 386 1009 sectis
397 961 514 1019 (mirabile
524 963 600 1019 dictu)

56 1030 167 1078 truditur
177 1045 190 1077 e
203 1031 265 1078 sicco
274 1031 344 1078 radix
354 1030 464 1087 oleagina
473 1030 547 1087 ligno.

56 1098 92 1145 Et
102 1114 173 1154 saepe
182 1098 282 1146 alterius
291 1114 371 1145 ramos
380 1098 478 1155 impune
488 1099 596 1148 videmus

56 1168 152 1214 vertere
161 1167 187 1212 in
197 1167 305 1225 alterius,
316 1169 483 1223 mutatamque
492 1168 566 1215 insita
575 1169 640 1216 mala

55 1235 122 1282 ferre
132 1235 220 1293 pirum,
230 1237 255 1283 et
265 1236 349 1292 prunis
358 1236 466 1292 lapidosa
475 1236 601 1284 rubescere
612 1253 694 1285 corna.

87 1303 167 1360 Quare
177 1304 242 1361 agite
251 1320 266 1351 o
275 1305 383 1360 proprios
392 1305 527 1361 generatim
537 1305 622 1351 discite
632 1305 714 1352 cultus

56 1372 185 1430 agricolae,
195 1372 337 1429 fructusque
346 1373 412 1420 feros
422 1372 514 1419 mollite
524 1372 633 1428 colendo,

56 1454 106 1486 neu
115 1455 199 1498 segnes
208 1441 303 1489 iaceant
312 1443 401 1488 terrae.
432 1441 505 1487 Iuvat
516 1441 611 1487 Ismara
620 1441 718 1489 Baccho

57 1523 182 1556 conserere
192 1511 265 1566 atque
274 1509 326 1557 olea
336 1524 453 1566 magnum
462 1509 552 1557 restire
563 1509 713 1558 Taburnum.

58 1577 145 1633 Tuque
155 1578 219 1636 sdes,
229 1578 400 1634 inceptumque
410 1594 460 1625 una
470 1579 570 1625 decurre
580 1578 696 1636 laborem,

20 1666 47 1703 40
56 1661 72 1693 o
82 1646 163 1703 decus,
174 1646 278 1694 olamae
288 1647 376 1695 merito
386 1662 443 1702 pars
453 1647 559 1694 maxima
568 1648 675 1705 nostrae,

57 1715 195 1772 Maecenas,
207 1715 338 1772 pelagoque
348 1715 432 1763 volans
442 1716 474 1763 da
482 1715 537 1762 vela
546 1714 649 1771 patenti.

56 1783 116 1830 Non
125 1798 170 1842 ego
180 1786 269 1831 cunda
277 1785 336 1832 meis
347 1784 461 1840 amplecti
470 1784 578 1831 versibus
588 1785 653 1842 opto,

56 1867 115 1909 non,
126 1852 186 1899 mihi
196 1853 216 1900 si
225 1852 323 1910 linguae
333 1856 430 1900 centum
441 1852 490 1899 siut
500 1868 589 1908 oraque
599 1854 708 1910 centum,

56 1921 139 1969 ferrea
148 1935 203 1969 vox.
229 1922 295 1969 Ades
305 1923 329 1968 et
339 1921 411 1978 primi
420 1921 472 1978 lege
482 1921 559 1969 litoris
569 1937 652 1977 oram;

56 1990 83 2037 in
93 1989 204 2037 manibus
214 1992 295 2037 terrae
306 2011 311 2037 ι
326 2005 375 2037 non
383 1990 423 2037 hie
432 1992 457 2037 te
468 1989 574 2037 carmine
583 1990 640 2037 ficto

57 2060 131 2114 atque
140 2074 185 2114 per
194 2058 307 2115 ambages
317 2060 342 2105 et
351 2059 425 2115 longa
434 2074 519 2106 exorsa
529 2058 623 2106 tenebo.

83 2127 175 2182 Sponte
185 2143 230 2175 sua
239 2143 299 2182 quae
310 2142 335 2174 se
344 2127 435 2174 tollunt
444 2127 470 2173 in
479 2126 577 2173 luminis
587 2142 650 2184 oras,

56 2195 189 2243 infecunda
198 2196 301 2253 quidem,
313 2196 355 2243 sed
364 2196 430 2242 laeta
437 2197 462 2242 et
475 2195 550 2242 fortia
560 2197 679 2252 surgunt3

57 2264 146 2320 quippe
161 2265 211 2312 solo
225 2266 316 2311 natura
329 2264 420 2311 subest.
450 2264 542 2311 Tamen
558 2264 619 2310 haee
635 2278 737 2321 quoque,

115 2349 136 2381 s1
146 2348 198 2388 qms

24 2423 47 2460 ⁵0
57 2402 151 2450 inserat
161 2404 205 2450 aut
215 2402 337 2450 scrobibus
347 2402 445 2449 mandet
455 2402 552 2447 mutata
562 2400 675 2457 subactis,

314 2489 340 2524 c.
360 2498 378 2523 a.
385 2488 399 2523 l.
407 2487 487 2523 ‘auras’

108 2541 167 2591 (57)
