1972 3164
363 166 386 204 P.
399 163 520 206 VERGILI
532 167 662 208 MARONIS

174 261 287 318 sustinet,
297 277 326 310 ac
335 264 408 311 natae
418 263 542 319 Turnique
552 265 619 312 canit
628 264 784 324 hymenaeos,

174 329 332 386 sanguineam
341 331 456 387 torquens
465 331 549 388 aciem,
559 332 703 388 torvumque
712 335 812 389 repente

125 421 163 457 400
175 396 265 445 clamet
275 398 282 419 ‘
291 399 319 446 10
329 400 428 456 matres,
438 399 529 456 audite,
540 399 582 445 ubi
591 414 707 458 quaeque,
718 399 835 449 Latinae:

175 465 196 513 si
205 481 253 522 qua
262 465 307 521 piis
317 466 403 513 snimis
413 469 496 514 manet
506 467 609 514 infelicis
618 467 725 516 Amatae

174 533 264 591 gratia,
274 534 295 581 si
304 534 363 581 iuris
373 534 477 582 materni
484 551 544 583 cura
552 536 683 594 remordet,

175 602 261 650 solvite
270 603 373 651 crinales
383 604 467 661 vittas,
478 604 558 660 capite
568 605 636 662 orgia
645 606 759 654 mecum!

176 670 261 718 Talem
270 671 335 717 inter
344 671 425 728 silvas,
435 671 501 718 inter
509 672 606 719 deserte
615 672 733 731 ferarum,

175 739 284 796 reginam
294 740 390 788 Allecto
399 740 504 788 stimulis
514 741 565 798 agit
574 741 680 797 undique
690 742 790 790 Bacchi.

203 808 336 863 Postquam
345 807 398 855 visa
408 808 467 860 satis
477 810 567 865 primos
577 809 671 858 acuisse
680 810 784 867 furores,

176 876 347 932 consiliumque
356 892 498 932 omnemque
508 879 605 925 domum
614 879 717 926 veniisse
727 879 818 936 Latini,

176 944 286 1000 protinus
296 944 352 992 hinc
359 944 434 992 fuscis
444 945 522 992 tristis
533 940 578 994 dea
586 947 683 994 tollitur
692 947 738 994 alis

175 1012 274 1060 audacis
284 1012 371 1059 Rutuli
380 1012 412 1058 ad
420 1028 511 1070 muros,
522 1029 594 1069 quam
604 1014 694 1061 dicitur
703 1014 789 1062 urbem

127 1098 165 1135 410
176 1079 322 1127 Acrisioneis
332 1081 418 1127 Danaa
427 1081 543 1129 fundasse
553 1083 651 1140 colonis,

176 1145 303 1205 praecipiti
312 1148 394 1195 delata
400 1148 473 1196 Noto.
503 1149 582 1197 Locus
592 1150 675 1197 Ardea
683 1150 807 1206 quondam

176 1216 255 1264 dictus
274 1215 334 1272 avis,
354 1217 379 1262 ct
398 1231 464 1264 nunc
482 1232 597 1274 maguum
614 1219 697 1264 manet
715 1218 799 1266 Ardea
814 1232 853 1266 no·

233 1300 298 1342 men,

176 1354 218 1401 sed
227 1354 327 1401 fortuna
336 1354 399 1402 fuit:
413 1354 485 1402 tectis
494 1354 534 1402 hic
544 1355 642 1402 Turnus
652 1355 678 1402 in
688 1355 746 1402 altis

176 1423 225 1470 iam
234 1423 338 1470 mediam
347 1423 418 1480 nigra
428 1423 543 1479 carpebat
552 1425 623 1471 nocte
633 1423 746 1479 quietem.

176 1491 272 1538 Allecto
281 1492 376 1538 torvam
383 1491 470 1539 faciem
480 1494 505 1538 et
515 1492 614 1539 furialia
623 1493 732 1539 membra

176 1559 251 1616 exuit,
262 1558 288 1606 in
298 1559 381 1606 vultus
391 1575 441 1607 sese
451 1560 612 1607 transformat
622 1560 697 1607 aniles
707 1578 714 1618 ;

177 1630 203 1675 et
212 1628 317 1674 frontem
327 1628 453 1675 obscenam
463 1629 530 1684 rugis
540 1630 603 1685 erat,
612 1628 691 1675 induit
701 1628 770 1676 albos

178 1712 233 1744 cum
243 1695 306 1742 vitta
316 1696 402 1753 crines,
413 1698 467 1742 tum
476 1711 571 1742 ramum
581 1696 684 1742 innectit
693 1696 772 1743 olivae
782 1717 789 1754 ;

178 1765 206 1811 fit
216 1763 305 1818 Calybe
315 1763 415 1810 Iunonis
426 1779 487 1810 anus
497 1765 626 1819 templique
637 1765 755 1821 sacerdos,

142 1854 167 1879 20
178 1833 203 1879 ct
212 1829 293 1878 iuveni
303 1833 360 1878 ante
370 1831 450 1878 oculos
460 1831 498 1878 his
508 1846 533 1878 se
544 1847 599 1879 cum
608 1832 706 1879 vocibus
716 1833 792 1880 offert
803 1855 808 1880 :

179 1900 185 1921 ‘
195 1901 285 1955 Turne,
295 1900 334 1946 tot
344 1899 465 1946 incassum
474 1899 542 1946 fusos
552 1900 643 1955 patiere
652 1900 755 1956 labores,

177 1970 202 2016 et
212 1969 256 2015 tua
265 1967 397 2015 Dardaniis
408 1967 538 2015 transcribi
547 1970 644 2024 sceptra
653 1968 762 2015 colonis?

176 2038 231 2085 Rex
239 2037 285 2084 tibi
295 2036 433 2093 coniugium
442 2038 467 2083 et
477 2037 598 2092 quaesitas
609 2036 726 2093 sauguine
737 2036 809 2084 dotes

177 2107 290 2163 abneget,
301 2107 461 2160 externusque
471 2104 498 2151 in
507 2120 611 2163 regnum
621 2104 747 2160 quaeritur
756 2105 838 2153 heres.

177 2177 191 2223 I
201 2191 273 2232 nunc,
284 2174 388 2231 ingratis
398 2173 460 2220 offer
469 2175 503 2229 te,
513 2172 592 2228 irriso,
602 2172 697 2228 periclis
707 2192 712 2228 ;

178 2245 324 2300 Tyrrhenas,
335 2243 351 2298 i,
363 2244 444 2289 sterne
454 2241 516 2288 acies
528 2259 533 2296 ;
549 2241 604 2296 tege
615 2255 673 2295 pace
683 2240 795 2288 Latinos.

177 2314 246 2361 Haec
256 2314 315 2360 adeo
324 2311 369 2357 tibi
379 2326 426 2366 me,
438 2309 534 2365 placida
543 2325 598 2356 cum
607 2310 679 2355 nocte
688 2308 790 2366 iaceres,

176 2382 230 2437 ipsa
240 2381 321 2437 palam
331 2379 379 2426 fari
389 2379 539 2433 omnipotens
551 2377 668 2424 Saturnia
677 2377 756 2424 iussit.

178 2450 258 2507 Quare
268 2463 313 2506 age
324 2449 349 2495 ct
360 2446 451 2494 armari
461 2446 550 2502 pubem
560 2445 683 2500 portisque
693 2446 786 2492 moveri

226 2515 234 2563 (
243 2519 279 2556 280
287 2517 296 2564 )
