1972 3164
437 172 460 210 P.
473 172 592 212 VERGILI
605 174 732 214 MARONIS

248 264 434 324 frondentesque
443 265 527 317 ferunt
536 283 614 316 remos
624 272 649 317 et
658 269 745 317 robora
757 269 822 318 silvis

199 352 237 389 400
247 334 396 384 infabricata
404 337 477 396 fugae
488 338 575 385 studio.

248 403 384 460 Migrantee
393 421 477 452 cernae
489 407 588 461 tetecue
597 421 627 453 ex
636 405 695 454 urbe
705 409 810 454 ruentes.

247 472 284 520 Ae
294 473 360 522 velut
370 473 491 530 ingentem
501 473 615 521 formicae
625 475 698 522 farris
707 491 819 523 acervum

247 556 303 587 oum
312 541 430 597 populant
439 542 523 589 hiemis
533 558 649 589 memores
659 545 770 599 tactem
779 545 906 601 reponunt,

246 608 267 655 it
277 609 372 665 nigrum
383 610 473 665 campis
482 626 569 667 agmen
579 612 740 667 praedamque
747 627 790 668 per
798 613 884 660 herbae

247 679 389 724 convectant
399 678 458 726 celle
469 681 581 736 angusto,
592 695 648 734 pars
657 680 760 736 mundis
768 681 871 727 trudunt

246 744 346 792 obnixae
356 745 480 793 frumenta
489 747 586 804 umeris,
598 763 654 802 pars
663 748 761 805 agmina
770 751 859 806 cogunt

246 813 413 870 castigantem
422 830 511 872 moras,
522 831 593 871 opere
602 817 680 864 omnis
689 817 778 865 semita
785 817 871 865 fervet.

246 881 305 937 Quis
315 882 359 929 tibi
368 883 429 939 tum,
440 883 512 940 Dido,
524 885 631 931 cernenti
640 884 700 932 talia
709 884 807 941 senensi

245 964 333 1004 quosve
343 951 417 998 dabas
427 952 539 1009 gemitus,
551 968 606 999 cum
615 952 687 999 litora
695 952 789 1001 fervere
798 953 849 1000 late

197 1029 235 1066 410
246 1019 393 1075 prospiceres
403 1035 458 1067 arce
468 1035 498 1067 ex
508 1036 610 1077 summa,
620 1021 747 1076 totumque
756 1021 848 1069 videres

246 1086 341 1134 misceri
350 1089 407 1135 ante
417 1088 497 1135 oculos
507 1089 583 1135 tantis
595 1089 738 1136 clamoribus
748 1092 851 1145 aequori

245 1155 357 1210 Improbe
366 1157 450 1213 Amor,
461 1157 518 1213 qnid
527 1171 575 1203 non
584 1156 697 1203 mortalia
705 1159 805 1213 pectora
814 1156 895 1213 cogis?

246 1224 286 1271 Ire
295 1224 384 1271 iterum
393 1225 419 1271 in
428 1225 547 1282 lacrimas,
557 1225 645 1272 iterum
655 1226 775 1281 temptare
784 1223 903 1280 precando

245 1293 341 1349 cogitur
350 1295 375 1339 et
385 1293 486 1350 supplex
495 1293 586 1340 aninos
596 1293 747 1342 summittere
756 1294 841 1349 amori,

245 1372 275 1404 ne
286 1357 343 1412 quid
351 1357 504 1413 inexpertum
514 1359 609 1405 frustra
617 1359 736 1405 moritura
744 1358 873 1414 relinquat.

274 1425 371 1483 ‘Anna,
380 1427 446 1474 vides
456 1429 508 1474 toto
517 1427 640 1483 properari
648 1426 719 1474 litore
729 1447 734 1474 ι
749 1426 839 1474 circum

244 1494 350 1550 undique
360 1510 489 1542 convenere
499 1514 505 1551 ;
519 1497 589 1542 vocat
599 1495 647 1542 iam
658 1494 772 1542 carbasus
782 1510 862 1554 auras,

244 1563 365 1618 puppibus
374 1565 398 1610 et
407 1563 465 1610 leeti
474 1565 564 1610 nautae
573 1563 705 1619 imposuere
716 1578 823 1610 coronas.

245 1631 319 1678 Hunc
329 1647 372 1687 ego
382 1632 402 1678 si
412 1633 480 1687 potui
490 1634 588 1679 tuntum
598 1647 693 1688 sperare
704 1631 816 1690 dolorem,

196 1719 234 1756 420
244 1702 269 1747 et
293 1700 408 1756 perferre,
428 1716 503 1758 soror,
523 1703 614 1756 potero,
644 1700 747 1747 Miserae
766 1700 810 1749 hoe
833 1705 914 1752 tamen

300 1784 376 1815 unum

243 1853 378 1893 exsequere,
388 1837 470 1896 Anna,
480 1840 539 1887 mihi
548 1860 554 1898 ;
572 1842 647 1888 solam
657 1856 713 1887 nam
723 1840 828 1897 perfidus
837 1841 877 1887 ille

243 1909 268 1954 ta
278 1906 363 1963 colere,
373 1922 474 1953 arcanos
484 1909 557 1956 etiem
567 1910 612 1957 tibi
621 1911 717 1959 credere
727 1925 824 1964 sensus;

212 1987 234 2022 κ
243 1974 295 2023 sola
303 1974 349 2021 viri
358 1974 440 2022 molles
450 1977 532 2024 editus
542 1980 567 2025 et
576 1980 686 2034 tempora
696 1992 774 2024 noras.

243 2045 264 2100 Ι,
276 2059 349 2101 soror,
360 2046 432 2100 atque
439 2045 534 2093 hostem
545 2047 645 2102 supplex
654 2047 730 2093 affare
740 2046 878 2101 superbum.

243 2112 299 2159 Non
309 2129 353 2170 ego
363 2129 418 2160 cum
428 2114 521 2161 Danais
531 2115 659 2161 Troianam
670 2114 808 2161 exscindere
817 2116 914 2171 gentem

242 2182 331 2229 Aulide
340 2182 419 2229 iuravi
429 2182 559 2230 classemve
568 2183 600 2230 ad
610 2184 731 2239 Pergama
740 2181 802 2240 miei,

242 2266 287 2298 nec
296 2251 373 2306 patris
382 2250 503 2297 Anchisae
513 2251 603 2298 cineres
613 2267 725 2299 maneeve
734 2251 825 2308 revelli,

243 2333 287 2365 cur
296 2335 350 2365 mea
359 2319 424 2365 dicte
433 2321 505 2375 neget
515 2319 588 2365 duras
597 2320 725 2367 demittere
734 2320 760 2367 in
770 2335 848 2366 aures.

242 2385 295 2440 Quo
319 2388 385 2434 ruit?
413 2388 548 2434 extremum
570 2387 614 2435 hoc
639 2389 740 2436 miserae
759 2389 801 2435 det
825 2403 912 2434 munus

297 2455 390 2501 emanti
400 2476 406 2502 ι

289 2521 359 2569 (πω)
