1972 3164
316 180 426 222 annm.
452 181 475 221 11

56 275 113 334 Ipse
122 274 207 324 urbem
216 277 298 334 repete
307 278 332 327 et
342 278 426 336 cingor
434 277 585 337 fulgentibus
594 278 675 326 armis.

10 361 47 402 75⁰
58 346 115 394 Stat
124 362 195 394 eaeus
204 362 320 395 renovare
330 363 412 395 omues
421 362 562 403 omnemque
572 349 661 395 reverti

57 431 103 472 per
112 416 210 462 Troiam
219 417 245 463 et
254 431 337 462 rursus
347 418 422 472 eaput
431 416 552 463 obiectare
562 416 665 471 periclis.

57 483 181 540 Principio
187 499 268 531 mures
277 484 426 540 obscuraque
435 484 519 531 limina
528 486 621 542 portae,

56 567 107 608 qua
116 567 225 609 gressum
234 553 377 610 extuleram,
387 555 479 610 repete,
490 554 515 600 et
524 552 628 608 vestigia
636 553 703 598 retro

57 620 187 668 observata
196 636 282 677 sequor
290 637 334 677 per
342 623 438 668 uoetem
448 623 473 668 et
483 621 574 668 lumine
583 621 669 667 lustro.

58 689 156 736 Horror
165 688 252 744 ubique
261 689 362 754 animos,
373 689 445 736 simul
454 689 507 745 ipsa
516 689 612 736 silentia
620 690 723 736 terrent.

59 757 121 804 Inde
131 757 236 814 demum,
247 757 268 805 si
276 757 341 804 iorte
350 757 443 814 pedem,
454 757 475 803 si
483 757 547 805 ferte
556 757 660 814 tulisset,

59 839 99 872 me
109 825 195 873 refero.
225 826 353 873 irruerant
362 824 444 872 Danai
452 825 478 872 et
486 827 579 872 teetum
589 840 659 872 omne
669 826 735 872 tene-

117 893 185 941 bant.

60 961 132 1010 Ilicet
141 962 204 1020 iguis
213 962 276 1010 edax
283 977 378 1009 summa
386 962 418 1009 ad
426 961 526 1019 fastigia
534 963 607 1009 vente

60 1031 175 1087 volvitur,
182 1033 329 1087 exsuperant
336 1031 520 1087 flammae‚turit
528 1032 609 1077 aestus
615 1029 647 1077 ad
653 1043 734 1076 aurae.

10 1106 51 1157 ⁷⁶⁰
62 1098 169 1145 Procedo
178 1100 205 1145 et
213 1098 305 1145 Priami
314 1098 382 1146 sedes
391 1113 517 1152 arcemque
526 1097 612 1146 revise.

62 1168 99 1215 Et
108 1166 157 1213 iam
166 1166 296 1221 pertieibus
306 1166 388 1213 vaunis
398 1165 497 1213 quenis
506 1165 573 1221 asylo

61 1234 174 1282 custodes
183 1234 240 1281 leeti
248 1234 358 1281 Phoenix
366 1235 392 1281 et
401 1233 468 1280 dirus
478 1233 562 1281 Ulixes

61 1302 179 1360 praedem
186 1301 350 1350 asservabant.
381 1302 438 1349 Huc
447 1301 555 1356 undique
565 1301 640 1346 Troia
648 1315 710 1355 gana

61 1368 168 1417 ineensis
176 1371 260 1426 erepta
268 1369 356 1427 adytis,
366 1383 510 1424 mensaeque
519 1369 618 1414 deorum

61 1440 217 1493 crateresque
230 1453 290 1485 aure
299 1438 376 1495 solidi,
387 1438 529 1493 eaptivaque
537 1436 611 1482 vestis

62 1505 212 1564 congeritur.
241 1506 315 1554 Pueri
323 1508 349 1555 et
359 1505 461 1562 pavidae
470 1506 543 1562 lengo
552 1503 637 1551 ordine
647 1505 738 1550 matres

63 1576 134 1624 stant
144 1574 242 1622 cineum.

64 1645 147 1692 Ausus
157 1642 297 1698 quinetiam
307 1657 376 1690 voees
386 1643 477 1690 iaetare
486 1657 530 1698 per
539 1640 652 1688 umbram

64 1710 163 1767 implevi
172 1710 275 1759 clamere
285 1711 344 1768 vias,
356 1712 508 1766 maestusque
519 1701 633 1758 Creusam

16 1797 55 1836 770
65 1779 211 1837 nequiquam
225 1779 377 1836 ingeminans
391 1779 525 1834 iterumque
544 1778 680 1832 iterumque
698 1791 738 1823 ve-

122 1863 182 1896 eeu.

64 1915 199 1974 Quaerenti
208 1917 233 1963 et
242 1915 313 1963 teetis
322 1915 390 1962 urbis
400 1915 450 1962 sine
460 1915 507 1963 fine
517 1915 599 1962 ruenti

64 1984 151 2033 infelix
160 1984 315 2031 simulacrum
325 1985 398 2038 atque
406 1983 481 2038 ipsius
490 1983 577 2029 umbra
588 1983 691 2030 Creusae

64 2053 119 2101 visa
128 2052 187 2099 mihi
196 2055 253 2099 aute
263 2051 344 2098 oeulos
354 2053 380 2098 et
389 2052 448 2098 neta
457 2052 534 2098 maior
543 2051 631 2107 imago.

65 2121 197 2178 Obstupui,
220 2121 388 2175 steteruntque
411 2135 492 2167 eemae
516 2120 542 2167 et
560 2133 607 2165 vox
630 2116 740 2164 faucibus

121 2189 208 2236 haesit.

66 2259 132 2306 Tum
141 2257 176 2304 sie
185 2256 258 2304 affari
267 2258 292 2304 et
302 2272 372 2304 euras
382 2256 419 2303 his
429 2256 524 2303 demere
534 2253 618 2301 dictis:

67 2327 84 2349 ‘⁴
92 2325 156 2384 Quid
165 2328 264 2373 tantum
273 2325 359 2372 insane
368 2325 436 2371 iuvat
446 2323 571 2379 indulgere
581 2320 666 2377 dolori,

66 2409 85 2444 0
95 2394 173 2442 duleis
182 2394 301 2441 eoniunx?
313 2408 362 2440 uon
372 2393 431 2439 haee
441 2392 492 2439 sine
501 2389 599 2436 numine
609 2388 691 2435 dirum

65 2463 185 2512 eveniunt
195 2481 201 2518 ς
216 2477 260 2510 nee
269 2463 295 2509 te
304 2461 360 2534 hine
371 2459 482 2508 comitem
492 2460 617 2514 asportare
627 2456 741 2506 Creusam

115 2530 189 2582 (161)
400 2538 413 2568 ι’
