1972 3164
452 179 474 217 P.
487 178 607 218 VERGILI
620 179 748 220 MARONIS

266 275 381 324 soeculo?
393 276 435 332 qui
444 276 509 324 tanti
519 277 593 325 talem
603 294 707 334 genuere
717 280 846 335 parentes?

260 344 285 390 in
295 344 360 391 treta
370 344 428 391 dum
438 344 505 392 fluvii
515 348 624 403 current,
636 348 694 394 dum
703 348 826 395 montibus
838 348 940 398 umbros

259 413 401 461 lustrabunt
410 429 523 472 convexa,
534 415 602 471 polus
612 415 669 462 dum
680 417 767 464 sidere
777 419 868 475 pascet,

260 497 355 538 semper
369 482 443 531 honos
458 498 591 540 nomenque
610 485 680 531 tuum
700 485 838 542 laudesque
858 502 939 534 mnne-

317 551 388 609 bunt,

212 627 250 663 610
261 635 322 676 quoe
329 636 367 668 me
374 636 475 676 cumque
482 623 571 669 vocant
578 623 676 670 terroe)
710 623 750 670 Sic
755 623 823 671 fotus
833 625 939 672 amicum

261 689 352 737 Ilionea
362 689 424 744 petit
434 689 528 748 dextra,
538 690 655 747 laevoque
666 691 799 748 Serestum,

260 759 315 812 post
325 757 392 815 elios,
403 758 538 814 fortemque
548 759 618 814 Gyen
633 760 767 814 fortemque
777 761 934 808 Cloanthum.

289 826 421 882 Obstupuit
431 827 509 882 primo
518 829 618 884 aspectu
629 827 727 875 Sidonis
736 828 808 885 Dido,

261 910 319 942 casu
329 895 413 942 deinde
423 895 469 942 riri
478 898 558 952 tanto,
569 898 594 943 et
603 896 638 943 sic
647 910 689 942 ore
698 895 781 942 locuta
789 898 842 943 cstz

241 1022 247 1031 ι
261 962 335 1019 ‘Quis
344 964 378 1019 te,
389 965 445 1010 note
456 964 509 1021 des,
519 980 562 1020 per
572 965 644 1011 tante
653 963 760 1019 pericula
769 979 840 1011 casus

260 1030 410 1086 insequitur?
422 1047 483 1088 quoe
492 1032 528 1079 vis
538 1031 682 1079 immunibus
692 1031 799 1087 applicat
808 1032 872 1078 oris?

262 1099 331 1146 Tune
343 1099 384 1146 ille
393 1099 497 1157 Aeneas,
507 1116 578 1156 quem
589 1099 714 1147 Dardanio
723 1100 845 1147 Anconae

261 1167 326 1215 alma
335 1169 418 1216 Venus
427 1168 529 1225 Phrygii
538 1168 624 1225 genuit
639 1167 767 1215 Simoentis
777 1168 809 1214 nd
817 1169 924 1216 undam?

262 1236 334 1293 atquc
344 1236 452 1292 equidem
462 1236 582 1284 Teucrum
593 1235 690 1282 memini
698 1234 788 1282 Sidous
796 1235 880 1282 venire

213 1311 251 1348 620
262 1305 349 1352 finibus
359 1305 485 1360 expulsum
494 1305 589 1363 patriis,
599 1319 663 1351 novo
671 1318 747 1360 regna
756 1304 879 1359 petentem

262 1373 351 1421 auxilio
360 1373 428 1430 Beli;
442 1373 538 1430 genitor
547 1374 601 1420 tum
611 1373 686 1419 Belus
696 1372 801 1427 opimam

261 1442 375 1489 vastabat
385 1443 492 1499 cyprum
502 1443 527 1489 et
537 1441 616 1489 victor
625 1441 717 1488 dicione
726 1440 835 1488 tenebat.

261 1511 378 1565 Tempore
387 1511 436 1556 inm
445 1525 475 1556 ex
484 1510 526 1556 illo
535 1524 604 1557 casus
614 1507 674 1555 mihi
684 1508 794 1564 cognitus
803 1508 870 1555 urbis

262 1578 381 1626 Troianae
391 1592 524 1634 nomenque
533 1579 605 1623 tuum
614 1591 731 1633 regesque
744 1575 848 1632 Pelasgi.

262 1646 317 1702 Ipso
327 1647 403 1694 hostis
414 1647 519 1694 Teucros
528 1644 617 1702 insigni
627 1644 698 1691 laude
708 1643 810 1701 ferebat,

261 1729 333 1771 seque
342 1717 423 1762 ortum
433 1714 534 1770 antiquo
544 1713 692 1760 Teucrorum
702 1727 717 1758 a
728 1712 802 1768 stirpe
811 1712 913 1759 volebat.

262 1783 342 1840 Quare
352 1783 416 1840 agite
426 1798 440 1830 o
450 1782 529 1838 tectis,
540 1781 647 1838 iuvenes,
658 1781 778 1828 succedite
786 1780 883 1826 nostris.

260 1852 302 1898 Me
312 1866 404 1908 quoque
414 1849 554 1907 permultos
564 1849 648 1896 similis
658 1849 759 1895 fortune
767 1848 862 1895 labores

260 1919 375 1967 iectatem
385 1919 431 1966 hoc
441 1919 537 1965 demum
547 1916 623 1964 voluit
633 1916 762 1963 consistere
771 1918 839 1963 terro
849 1936 854 1963 :

213 1993 250 2042 630
261 2002 310 2034 non
319 1987 405 2044 ignoro
414 1987 472 2032 meli
481 1985 574 2033 miseris
584 2000 725 2032 succurrere
735 1984 818 2032 disco!

261 2055 301 2103 Sic
310 2057 442 2112 memorat3
456 2053 528 2101 simul
536 2053 636 2100 Aenean
645 2054 671 2100 in
680 2054 748 2111 regis
757 2053 824 2100 ducit

260 2125 334 2180 tecto,
345 2123 416 2170 simul
427 2123 509 2169 dirum
518 2123 615 2178 templis
625 2122 709 2170 indicit
718 2122 840 2168 honorem.

260 2192 312 2240 Nec
321 2192 400 2238 minus
410 2191 503 2237 interea
513 2190 581 2238 sociis
591 2191 622 2237 nd
632 2190 706 2237 litora
714 2190 791 2236 mittit

260 2260 347 2317 viginti
356 2262 447 2317 tauros,
458 2275 601 2315 magnorum
612 2259 736 2306 horrentia
746 2260 843 2305 centum

260 2330 332 2387 terga
341 2343 420 2385 suum,
430 2327 533 2385 pingues
540 2328 638 2374 centum
648 2342 704 2374 cum
713 2327 832 2374 matribus
841 2341 925 2383 agnos,

260 2411 362 2445 munere
370 2397 535 2452 laetitiamque
545 2396 590 2443 dei.

369 2542 377 2588 )
463 2491 498 2524 oeo.
519 2488 568 2524 ‘dii'
575 2488 639 2524 Aulus
646 2489 726 2525 Gellius.

308 2546 315 2587 l
327 2555 360 2589 13²
