1972 3164
427 182 538 224 AENEIS.
564 184 597 224 VI

171 289 233 333 quos
241 275 314 323 simul
322 291 339 323 e
347 277 421 325 'l'roia
429 281 532 328 ventosa
541 297 585 337 per
594 298 698 339 aequora
707 286 789 333 rectos

169 343 255 394 obruit
263 345 363 402 Auster,
373 361 436 402 equo
444 347 570 397 involvens
579 364 713 407 navemque
722 352 839 411 virosque.

200 413 265 460 Eous
274 412 423 470 gubernator
431 430 482 463 sese
493 417 623 465 Palinurus
633 419 730 477 egebat,

171 481 214 538 qni
224 480 313 538 Libyco
321 497 400 538 nuper
409 499 490 541 eursu,
501 484 559 532 dum
569 487 649 534 sidero
659 490 749 546 servat,

172 549 296 597 exciderat
305 551 381 607 puppi
389 552 472 599 mediis
482 554 574 600 effusus
583 555 609 602 in
618 556 698 604 undis.

122 632 163 672 ³40
173 618 250 665 Hune
258 617 301 665 ubi
309 618 351 665 uix
360 619 439 667 multe
448 623 568 668 maestum
578 624 689 679 cognovit
697 624 724 671 in
733 626 828 684 umbre,

173 686 209 735 sie
218 687 285 742 prior
293 687 424 743 alloquitur
433 709 439 736 ε
457 690 463 710 ‘
473 690 531 746 Quis
541 693 574 748 te,
586 692 707 751 Palinure,
718 694 819 741 deorum

173 754 264 810 eripuit
273 754 341 802 nobis
351 756 476 812 medioque
486 757 530 805 sub
540 774 642 814 aequore
652 762 753 809 mersit?

173 823 221 870 Dio
231 839 293 880 ege.-
308 823 419 880 Namque
427 825 494 882 mihi,
503 826 579 873 {allex
588 827 655 875 haud
664 831 721 876 unte
728 833 850 888 repertus,

172 891 219 939 hoe
228 907 277 938 uno
286 907 400 948 responso
411 893 518 940 animum
527 894 616 941 delusit
625 896 722 955 Apollo,

173 959 216 1015 qui
224 960 277 1008 fore
286 962 312 1008 te
322 962 397 1016 ponto
406 961 549 1009 ineolumem
559 963 664 1020 finesque
675 966 777 1014 canebat

173 1029 305 1075 venturum
314 1029 442 1077 Ausonios.
472 1031 511 1077 En
518 1031 578 1079 haee
587 1033 705 1088 promisso
712 1035 771 1082 fides
781 1036 848 1083 estt’

174 1096 220 1144 Ille
230 1098 312 1144 sutem
325 1118 330 1144 :
348 1097 354 1119 ‘
364 1098 448 1154 Neque
458 1099 483 1145 te
494 1098 584 1146 Phoebi
593 1100 687 1147 cortino
696 1101 792 1159 fefellit,
887 1102 889 1106 ’

174 1160 225 1207 dux
233 1161 388 1219 Anchisiade,
398 1178 443 1210 neo
453 1178 491 1210 me
501 1164 559 1210 deus
570 1179 671 1219 aequore
681 1166 773 1214 mersit.

174 1228 286 1286 Namque
295 1231 469 1288 gubernaclum
480 1232 560 1278 multu
568 1232 593 1278 vi
602 1232 666 1279 forte
675 1233 807 1292 revulsum,

124 1319 164 1360 350
175 1298 216 1346 oui
224 1298 296 1345 dotus
306 1299 434 1346 haerebam
444 1302 525 1346 eustos
536 1315 666 1355 cursusque
676 1301 798 1359 regebam,

174 1366 337 1423 praecipitans
346 1367 412 1414 trexi
420 1383 522 1415 meeum,
552 1367 634 1414 Maria
643 1383 730 1423 aspero
739 1369 793 1415 iuro

174 1450 224 1482 non
234 1435 312 1483 ullum
321 1452 366 1492 pro
375 1452 413 1483 mo
422 1439 521 1483 tuntum
532 1436 622 1492 cepisse
631 1438 752 1494 timorem,

173 1518 248 1559 quem
256 1505 302 1551 tus
310 1520 340 1552 ne
347 1505 451 1560 spoliate
460 1505 542 1563 armis,
553 1520 654 1552 excusso
663 1505 791 1564 magistro,

174 1572 288 1620 deficeret
296 1573 373 1620 tentis
382 1573 451 1620 nevis
462 1573 616 1630 surgentibus
627 1574 706 1621 undis.

174 1641 237 1688 'lres
246 1641 326 1688 Notus
335 1642 449 1689 hibernas
458 1642 576 1689 immensa
585 1658 629 1697 per
639 1658 743 1699 aequore
752 1645 834 1690 noctes

174 1709 242 1758 vexit
250 1725 289 1757 me
298 1711 417 1758 violentus
427 1726 490 1766 eque
495 1731 501 1768 ;
515 1711 556 1757 vix
567 1711 658 1758 lumine
667 1716 755 1768 quarto

174 1778 287 1835 prospexi
296 1779 395 1826 Italiam
405 1795 500 1826 summu
509 1779 617 1826 sublimis
627 1780 657 1826 ab
667 1781 741 1828 undu.

175 1847 299 1894 Paulatim
308 1848 429 1894 snnabam
443 1850 523 1895 terrae
532 1869 537 1895 z
552 1849 601 1895 iam
610 1851 666 1896 tute
675 1850 796 1907 tenebam,

174 1915 202 1962 ni
211 1929 271 1972 gens
280 1915 383 1963 erudelis
390 1916 487 1962 mndidu
496 1931 551 1963 eum
561 1919 627 1964 veste
636 1920 766 1974 moratum

128 1991 165 2041 360
176 1985 378 2039 prensantemque
387 1984 456 2030 uncis
464 1985 575 2031 monibus
582 1986 662 2040 eapite
668 2002 754 2041 aspero
761 1986 851 2032 montis

176 2051 244 2098 forro
253 2051 389 2108 invasisset,
400 2052 561 2107 praedamque
570 2052 658 2111 ignaru
667 2054 786 2108 putasset.
842 2077 845 2081 ·

176 2119 250 2167 Nune
259 2135 297 2167 mo
310 2119 398 2167 fluetus
408 2119 482 2167 habet
491 2122 636 2175 versantque
645 2120 671 2167 in
680 2120 751 2166 litore
760 2120 836 2167 venti.

177 2188 247 2244 Quod
255 2189 281 2234 te
290 2204 335 2244 per
344 2188 405 2236 eseli
414 2188 547 2235 ineundum
556 2188 639 2235 lumen
649 2189 674 2235 et
683 2203 764 2244 nurus,

176 2272 222 2314 per
230 2257 365 2314 genitorem
374 2271 424 2314 oro,
435 2272 479 2312 per
489 2272 543 2312 spes
553 2257 676 2313 surgentis
686 2256 744 2312 Iuli,

176 2325 243 2380 eripo
252 2341 291 2373 me
300 2325 347 2382 his,
356 2326 454 2382 invicte,
464 2325 535 2372 melis
546 2345 552 2372 ε
569 2326 614 2371 sut
623 2326 653 2371 tu
663 2324 722 2370 mihi
731 2324 824 2370 terrem

176 2394 248 2440 iniioo
257 2395 369 2450 (nemque
380 2396 458 2450 potes)
468 2396 599 2449 portusque
608 2393 702 2448 requiro
711 2393 820 2449 Velinos,

176 2464 222 2510 unt
231 2465 269 2518 tu,
280 2463 301 2509 si
309 2478 357 2519 que
363 2463 404 2510 uie
413 2464 458 2519 est,
469 2463 490 2509 si
499 2477 571 2518 quam
581 2461 626 2509 libi
638 2461 694 2508 dive
703 2461 807 2509 creatrix

226 2530 297 2580 (2⁴7)
