1972 3164
320 149 430 190 Aeneis
455 150 486 189 lv

11 267 52 307 4³0
64 246 187 304 exspeetet
197 244 338 302 facilemque
348 244 434 305 iugem
443 246 575 302 veniesque
584 245 698 296 ferentes.

63 315 120 363 Non
129 315 178 363 iem
188 315 327 372 coniugium
337 316 473 373 antiquum,
484 316 548 372 quod
557 315 671 373 prodidit,
681 331 732 374 ero,

60 399 106 432 nee
116 384 217 441 pulchro
226 387 256 431 ut
265 384 337 432 Latio
347 387 430 432 eareat
439 400 589 441 regnumque
598 385 723 441 relinquet
731 404 738 442 3

60 453 159 509 tempus
167 452 240 500 inane
249 453 314 509 pete,
324 452 430 508 requiem
441 451 594 508 spatiumque
604 452 692 510 furori,

61 520 121 568 dnm
130 535 184 568 mee
193 536 232 568 me
241 520 332 568 vietam
342 520 426 567 doeest
435 520 535 566 fortune
544 519 632 568 dolere.

61 588 206 636 Extremam
215 589 279 637 hane
286 604 329 636 oro
338 588 434 637 veniam
444 587 566 644 (miserere
577 588 683 646 sororis),

60 672 135 713 quem
149 658 209 705 mihi
223 673 278 706 eum
292 656 394 715 dederis,
405 657 554 704 cumulatam
567 658 645 704 morte
658 657 740 704 remit·

89 792 191 843 Talibus
201 795 295 852 erebet,
306 794 414 852 talesque
423 795 559 843 miserrima
568 797 646 843 fietus·

60 861 159 919 fermus
169 863 291 919 refertque
302 879 377 912 soror.
408 864 455 912 Sed
464 864 538 911 nullis
547 864 587 911 ille
597 865 709 910 movetur

61 931 168 988 fletibus,
179 934 223 979 eut
232 947 303 979 voees
312 932 376 980 ullss
384 933 520 980 trsetebilis
530 933 598 979 audit
607 953 612 979 ι

10 1024 50 1063 μο
61 1001 119 1048 fate
127 1001 236 1057 obstent,
247 1001 400 1057 placidasque
410 1001 459 1047 viri
467 1001 526 1048 dens
536 1000 641 1048 obstruit
650 1014 730 1046 sures.

61 1071 100 1117 Ae
109 1070 178 1117 velut
188 1085 279 1117 annoso
287 1069 393 1117 relidam
403 1085 458 1117 eum
468 1069 553 1116 robore
562 1083 677 1124 quereum

61 1137 148 1195 Alpini
157 1139 250 1186 Boreae
259 1153 325 1185 nune
334 1137 391 1185 hine
400 1152 466 1184 nune
475 1136 573 1183 flatibus
582 1135 649 1181 illine

60 1221 148 1254 eruere
156 1206 222 1254 inter
231 1222 256 1253 se
266 1208 362 1254 certant
372 1225 378 1263 3
392 1206 413 1252 it
423 1205 521 1262 stridor,
532 1206 557 1252 et
567 1204 632 1250 eltae

60 1277 223 1322 consternunt
232 1277 325 1322 terrem
336 1289 450 1322 eoneusso
460 1272 543 1328 stipite
552 1270 665 1326 frondes3

46 1341 116 1399 -ipse
124 1342 209 1391 haeret
219 1342 324 1399 seopulis
334 1343 359 1389 et
369 1343 488 1397 quantum
497 1340 588 1386 vertice
598 1338 630 1384 ed
637 1353 709 1385 eurus

59 1411 193 1468 aetherias,
203 1412 300 1458 tuntum
310 1409 391 1458 rediee
400 1409 426 1456 in
437 1409 543 1456 Tartara
552 1406 646 1454 tendit:

59 1481 129 1529 hsud
139 1495 206 1528 seeus
214 1479 316 1526 assiduis
326 1478 383 1525 hine
393 1480 465 1533 uwue
475 1477 531 1524 hine
541 1475 639 1522 vocibus
648 1473 718 1520 heros

60 1549 177 1597 tunditur
186 1550 211 1595 et
221 1562 310 1604 magno
320 1545 439 1604 persentit
448 1546 545 1600 pectere
555 1557 636 1599 eures,

61 1633 132 1666 mens
141 1618 242 1664 immota
251 1617 349 1672 menet3
363 1613 476 1662 lserimee
486 1613 620 1660 volvuntur
628 1610 721 1657 inanes.

10 1707 51 1746 ⁴5⁰
92 1687 157 1734 Tum
166 1701 224 1733 vere
232 1684 317 1733 infelix
326 1683 384 1731 letis
394 1681 512 1730 exterrita
521 1679 585 1727 Dido

62 1755 168 1803 mortem
177 1754 232 1801 erat
241 1771 247 1809 ;
261 1752 344 1800 taedet
353 1751 414 1799 eeeli
423 1765 529 1798 convexa
539 1748 610 1795 tueri.

63 1824 117 1882 Quo
126 1822 204 1879 magis
213 1822 338 1877 inceptum
347 1822 449 1876 peraget
458 1819 582 1872 lucemque
591 1816 721 1871 relinquet,

62 1893 133 1950 vidit,
139 1889 279 1938 turicremis
289 1904 344 1936 enm
354 1888 417 1935 done
425 1887 561 1942 imponeret
571 1885 619 1932 eris

63 1960 221 2020 (heffendum
231 1956 317 2013 dictu),
327 1955 413 2003 letiees
422 1955 557 2011 nigrescere
567 1967 648 1999 seer-os

63 2031 166 2084 fuseqm
176 2027 202 2073 in
211 2025 341 2072 obseenum
351 2039 376 2071 se
385 2024 481 2070 vertere
490 2022 548 2068 vine
557 2033 676 2067 eruorem.

64 2099 120 2146 Hoe
129 2096 209 2143 visum
218 2093 288 2149 nulli,
298 2107 348 2139 non
357 2091 404 2147 ipsi
413 2092 489 2138 effeta
499 2087 583 2136 sorori.

64 2166 197 2214 Praeterea
205 2163 254 2209 fuit
263 2161 290 2208 in
299 2159 371 2208 tectis
381 2159 410 2205 de
420 2171 540 2205 memore
549 2153 668 2208 templum

66 2233 176 2291 coniugis
185 2229 289 2286 antiqui,
297 2228 360 2275 miro
369 2226 433 2282 quod
442 2225 532 2271 honore
542 2221 644 2276 colebat,

64 2302 194 2351 velleribus
203 2298 279 2346 niveis
289 2298 314 2344 et
324 2296 388 2343 fests
397 2292 483 2340 fronde
492 2289 628 2337 revinctum
637 2307 642 2333 ε

14 2384 54 2431 460
64 2373 122 2421 hine
132 2367 242 2419 exaudiri
251 2380 322 2414 voees
331 2365 356 2412 et
366 2361 440 2410 verba
449 2357 558 2406 vocantis

145 2466 181 2499 m
203 2456 360 2497 ‘dedentwode
368 2454 462 2497 plerique.
485 2447 664 2485 'cumuletu’lle‹1.

114 2516 184 2564 (ποι)
378 2517 412 2555 ⁰3
