1972 3164
308 188 419 228 AENEIS.
445 189 489 228 v11

10 301 47 342 ιφ
58 282 140 332 luctus
149 283 175 331 in
185 300 254 332 arms
265 300 334 343 para,
344 287 369 332 et
386 286 503 343 Phrygios
517 287 558 343 qni
572 287 670 336 flumine
684 288 736 344 pul-

118 352 177 400 chro
188 363 190 367 ’

58 422 188 470 consedere
197 422 270 471 duces
279 421 403 479 picemque
412 439 487 471 exure
497 425 600 472 carinus.

58 489 199 537 Caelestum
208 490 245 538 ris
254 506 344 548 magne
352 491 427 540 iubet.
457 493 512 540 Rex
521 493 572 548 ipse
582 492 694 549 Latinus,

58 557 87 606 ni
96 557 154 606 dure
164 558 302 616 coniugium
311 561 336 606 et
346 560 412 607 dicto
421 576 506 616 perere
516 561 618 618 tutetur,

59 625 160 684 sentiet,
170 628 195 674 et
204 627 303 674 tsndcm
313 627 424 675 Turnum
434 629 574 684 experiatur
583 629 609 676 in
619 629 713 676 armis!

90 695 139 743 Hic
148 695 243 743 invenis
251 697 333 742 vetem
342 696 446 744 irridens
455 697 489 744 sic
499 713 554 744 orsu
563 698 668 745 vicissim

60 779 103 812 ore
112 763 189 811 refert
200 784 207 811 ε
224 763 231 784 ‘
239 763 333 812 Classes
342 764 451 812 invectas
462 764 590 821 Thybridis
599 766 691 813 undum

61 849 120 890 non,
128 834 158 879 ut
167 847 229 889 rere,
239 848 305 880 meas
315 832 401 889 effugit
411 833 511 880 nuntius
522 849 599 881 eures.

62 901 101 949 Ne
110 900 262 948 tantosmihi
270 900 334 957 finge
344 903 438 957 metus3
452 917 496 949 nec
505 902 573 958 regia
583 903 645 950 Iunc

61 971 189 1018 immemor
198 970 236 1016 cst
245 969 331 1017 nostri.

11 1057 53 1096 ⁴⁴0
64 1038 112 1086 Sed
121 1040 146 1085 te
156 1038 221 1086 victe
230 1038 280 1086 situ
288 1039 385 1094 verique
395 1038 469 1086 effeta
478 1041 597 1095 senectus,

63 1107 174 1164 omster,
183 1106 248 1154 curis
257 1106 401 1163 nequiquam
411 1108 515 1164 exercet,
526 1110 551 1155 et
562 1123 631 1155 arms

62 1191 149 1232 regum
157 1174 295 1222 interfusa
304 1177 385 1223 vetem
395 1175 524 1222 formidine
534 1176 606 1223 ludit.

63 1243 131 1291 (lure
140 1243 184 1290 tibi
194 1242 276 1290 divum
286 1242 374 1300 effigies
384 1245 409 1290 ct
419 1243 511 1298 templu
519 1244 583 1290 tueri
592 1263 598 1289 ε

62 1312 128 1360 belle
136 1311 183 1358 viri
192 1326 320 1368 pacemque
330 1314 424 1369 gerent,
436 1312 502 1367 queis
512 1311 576 1358 bellu
584 1310 708 1367 gerenda!

92 1379 191 1427 Talibus
201 1380 296 1427 Alleetc
305 1379 375 1427 dictis
385 1379 476 1427 exarsit
486 1379 512 1426 in
521 1379 579 1426 iras.
737 1379 739 1383 ’

62 1449 99 1496 At
109 1448 190 1496 iuveni
199 1448 280 1496 crunti
290 1448 384 1495 subitus
394 1449 486 1495 tremor
495 1450 597 1503 occupat
608 1448 686 1502 artus,

63 1517 188 1574 deriguere
195 1515 259 1564 oculi
268 1537 274 1564 z
287 1517 325 1564 tot
335 1516 426 1573 Erinys
436 1516 517 1563 sibilet
526 1516 609 1572 hyd1is

63 1587 181 1641 tantaque
190 1600 216 1632 se
224 1584 298 1632 iacies
307 1585 386 1641 aperit
395 1604 401 1642 ;
416 1587 471 1631 tum
480 1584 592 1632 flammea
600 1586 715 1639 torquens
739 1611 742 1617 ·

63 1653 158 1701 lumine
167 1654 322 1701 cunctantem
331 1655 356 1700 et
366 1656 521 1709 quaerentem
531 1653 610 1701 (licere
621 1653 693 1708 pluru

10 1741 55 1782 4⁵0
64 1722 180 1779 reppulit,
192 1723 217 1769 ct
226 1721 333 1778 geminos
343 1722 419 1769 erexit
429 1722 535 1770 crinibus
546 1737 646 1779 angues,

65 1790 212 1846 verberaque
221 1789 337 1847 insonuit,
347 1790 476 1846 rabidoque
486 1791 545 1839 haec
555 1790 714 1838 addiditque:

65 1861 121 1908 ‘Eu
130 1875 174 1916 ego
181 1859 247 1907 rictu
256 1859 313 1915 situ,
324 1874 396 1914 quem
406 1859 457 1907 veri
467 1860 542 1907 effeta
551 1861 662 1907 senectus

65 1927 376 1984 urmuiuterregumtalsa
384 1927 513 1975 formidine
523 1928 600 1976 ludit!
749 1926 752 1931 '

65 1995 168 2052 Respice
177 1996 209 2042 ad
218 1996 291 2043 haec:
307 1995 391 2043 adsum
401 1995 509 2043 dirarum
520 1997 551 2043 ab
561 1997 616 2043 sede
623 2010 742 2051 sororum,

64 2065 131 2113 belle
139 2080 214 2112 manu
222 2063 345 2120 letumque
354 2064 430 2120 gero?

66 2134 107 2182 Sic
117 2133 192 2180 effata
200 2132 279 2180 fecem
288 2132 370 2179 iuveni
379 2132 488 2189 coniecit,
499 2133 524 2179 et
534 2132 589 2178 utro

65 2201 157 2250 lumine
166 2201 288 2247 fumantes
298 2200 352 2246 fixit
362 2200 407 2248 sub
416 2203 514 2255 pectore
523 2199 616 2247 taedas.

66 2270 117 2319 Olli
135 2284 246 2317 somnum
263 2267 349 2325 ingens
372 2268 466 2324 rumpit
489 2282 572 2324 pavor,
593 2281 693 2321 ossaque
717 2267 743 2312 et

67 2407 193 2465 perfundit
203 2408 256 2454 toto
265 2408 398 2463 proruptus
408 2421 508 2461 corpore
518 2404 598 2451 sudor.

320 2495 357 2526 430.
376 2501 394 2527 a.
402 2490 415 2525 l.
424 2489 493 2525 ‘lube’

115 2545 186 2595 (²⁸1)
