1972 3164
297 181 407 222 AENEIS.
433 183 465 222 XI

56 273 140 322 ordine
149 279 239 324 cuncta
247 293 299 325 suo.
330 279 393 326 Tum
403 280 471 327 facta
480 279 578 328 silentia
587 280 683 339 linguis,

56 344 82 390 et
92 344 201 391 Venulus
211 345 277 392 dicto
286 362 373 402 parens
383 348 419 394 ita
428 347 504 394 farier
515 348 570 394 infit
580 370 585 395 ε

86 411 220 471 Ἥᾱὶπιηε,
230 429 245 460 o
255 414 326 472 cives,
337 415 478 462 Diomedem
488 416 628 472 Argivaque
641 417 731 473 castra,

57 481 130 536 atque
139 481 187 527 iter
196 483 287 529 emensi
296 498 366 530 casus
375 484 543 539 superavimus
553 499 646 542 omnes,

57 549 249 606 contigimusque
258 567 365 609 manum,
376 568 424 608 qua
433 552 537 599 concidit
547 552 595 599 Ilia
605 553 686 600 tellus.

57 618 103 665 Ille
113 618 197 665 urbem
207 620 354 677 Argyripam
364 621 457 676 patriae
467 621 608 679 cognomine
617 623 698 678 gentis

57 686 138 733 victor
148 687 257 745 Gargani
266 689 385 736 condebat
394 690 493 748 Iapygis
504 690 576 747 agris.

59 755 190 811 Postquam
199 757 342 814 introgressi
351 759 376 805 et
386 774 467 806 coram
477 759 536 805 data
545 759 613 815 copia
623 758 701 816 fandi,

59 839 160 871 munera
169 824 336 883 praeferimus,
347 842 434 874 nomeu
448 827 600 884 patriamque
610 828 731 886 docemus,

10 904 50 942 250
59 893 101 949 qui
110 893 199 940 bellum
209 893 346 952 intulerint,
353 911 414 952 quae
424 911 498 944 causa
504 896 634 943 attraxerit
643 896 732 952 Arpos.

59 962 157 1009 Auditis
166 963 207 1010 ille
217 964 275 1011 haee
285 964 379 1020 placido
389 965 423 1013 sic
432 965 537 1013 reddidit
547 980 587 1013 ore
598 986 603 1013 :

60 1030 98 1078 ‘0
110 1030 251 1080 fortunatae
260 1036 353 1090 gentes,
365 1034 482 1081 Saturnia
490 1049 575 1090 regna,

59 1099 153 1155 antiqui
162 1100 271 1159 Ausonii,
283 1117 343 1158 quae
352 1117 395 1149 vos
405 1102 507 1149 fortuna
516 1102 609 1157 quietos

59 1167 175 1215 sollicitat
185 1170 316 1224 suadetque
325 1171 410 1227 ignote
419 1170 536 1217 lacessere
545 1168 609 1216 bella
617 1171 628 1215 i

60 1236 203 1293 quicumque
212 1237 300 1284 Iliacos
309 1237 376 1284 ferro
384 1237 527 1283 violavimus
537 1251 608 1293 agros

61 1304 143 1359 (mitto
152 1319 188 1360 ea,
199 1319 260 1360 quae
270 1305 345 1351 muris
354 1304 467 1351 bellando
477 1304 596 1351 exhausta
604 1303 650 1350 sub
659 1302 725 1360 altis,

61 1387 121 1428 quos
132 1372 218 1420 Simois
227 1374 323 1428 premat
333 1372 374 1419 ille
383 1372 466 1429 viros),
476 1372 578 1419 infanda
587 1387 631 1427 per
640 1371 721 1418 orbem

61 1441 180 1497 supplicia
189 1442 214 1488 et
225 1440 341 1488 scelerum
351 1456 440 1497 poenus
450 1440 607 1496 expendimus
616 1454 707 1496 omnes,

61 1509 101 1557 vel
111 1510 208 1557 Priamo
214 1509 351 1556 miseranda
360 1524 447 1556 manus
457 1530 463 1556 ε
478 1509 523 1556 scit
530 1509 602 1555 triste
611 1507 736 1554 Minervae

11 1585 52 1624 260
63 1579 129 1627 sidus
139 1580 164 1626 et
174 1578 296 1625 Euboicae
307 1580 389 1625 cautes
399 1578 511 1633 ultorque
521 1577 667 1632 Caphereus.

63 1646 154 1694 Militia
164 1662 193 1694 ex
202 1647 246 1694 illa
251 1647 372 1694 diversum
383 1646 414 1693 ad
423 1646 482 1693 litus
492 1645 573 1693 abacti

62 1716 161 1763 Atrides
171 1715 255 1762 Protei
264 1715 390 1762 Menelaus
400 1715 507 1770 adusque
517 1714 640 1762 columnas

63 1783 167 1840 exsulat,
177 1783 299 1830 Aetnaeos
309 1783 371 1829 vidit
385 1782 501 1839 cyclopas
511 1782 603 1830 Ulixes.

63 1851 149 1907 Regna
158 1850 310 1906 Neoptolemi
319 1851 424 1898 referam
434 1866 561 1907 versosque
571 1851 671 1906 penates

64 1920 200 1967 Idomenei?
214 1920 334 1975 Libycone
343 1919 482 1967 habitantes
492 1919 563 1966 litore
576 1919 682 1964 Locros?

68 1988 124 2044 Ipse
134 1988 281 2044 Mycenaeus
290 2003 434 2044 magnorum
444 1986 531 2033 ductor
540 1985 661 2032 Achivum

65 2055 172 2112 coniugis
181 2055 296 2102 infandae
306 2055 385 2112 prima
393 2055 460 2101 inter
468 2054 553 2100 limina
562 2053 649 2099 dextra

64 2124 167 2180 oppetiit
177 2143 184 2181 ς
198 2123 318 2171 devictam
328 2122 411 2169 Asiam
425 2121 533 2169 subsedit
543 2119 647 2166 adulter.

67 2192 185 2239 Invidisse
195 2191 260 2247 deos,
271 2191 357 2246 patriis
364 2191 393 2236 ut
403 2189 512 2236 redditus
522 2188 571 2234 aris

15 2279 56 2317 270
67 2260 205 2324 coniugium
210 2261 322 2315 optatum
330 2261 355 2304 ct
361 2257 487 2314 pulchram
492 2255 615 2311 Calydona
620 2255 739 2302 viderem!

66 2329 139 2376 Nunc
149 2328 223 2376 etiam
232 2326 341 2374 horribili
350 2326 404 2372 visu
414 2326 529 2381 portenta
538 2326 680 2380 sequuntur,

65 2400 92 2446 et
101 2397 159 2446 socii
168 2395 250 2444 amuel
260 2395 382 2452 petierunt
392 2393 493 2441 aethera
501 2391 587 2448 pennis

213 2484 249 2517 ωε.
270 2479 359 2515 ‘devicta
366 2478 423 2514 Asia’
430 2477 484 2514 codd.
492 2475 590 2513 nonnulli.

114 2535 123 2583 (
132 2538 167 2584 3⁸3
176 2535 184 2582 )
