1972 3164
301 168 412 208 AENEIS.
436 167 492 208 VIII

58 266 237 322 temptamenta
245 265 283 313 tui
293 267 389 324 pepigi:
404 282 451 324 me,
462 282 501 315 me
510 267 562 323 ipse
571 282 698 323 meumque

57 333 136 382 obieci
145 334 219 389 eaput
228 334 254 381 et
264 335 366 390 supplex
375 335 407 381 ad
417 335 502 382 limina
511 335 574 383 veni.

59 402 226 460 Genesaram,
237 417 299 459 quae
308 405 341 460 te,
353 404 445 451 crudeli
454 404 553 451 Daunia
562 404 625 453 bello

58 470 195 526 insequitur
204 489 211 528 ς
228 486 271 518 nos
282 471 303 519 si
312 472 413 528 pellant,
423 473 484 519 nihil
494 473 561 520 afore
572 475 683 534 credunt,

60 539 118 596 quin
133 555 229 588 omnem
243 540 389 596 Hesperiam
398 542 495 597 penitus
506 556 550 588 sua
561 543 607 590 sub
615 544 674 601 iuga
683 544 738 591 mit·

116 608 181 665 tant,

60 678 86 725 ot
95 692 162 725 mare
172 676 235 733 quod
245 693 321 733 supra
330 679 430 726 teneant
440 679 549 734 quodque
560 680 631 728 alluit
641 682 715 730 infra.

12 764 52 802 ¹50
61 745 151 802 Accipe
160 745 237 802 daque
247 745 320 818 fidem
332 766 338 793 ε
353 749 410 793 sunt
419 747 488 794 nohis
497 747 572 795 fortia
581 749 644 797 bello

61 816 169 872 pectora,
179 816 237 862 sunt
247 815 323 862 animi
331 817 356 862 et
366 815 438 862 rebus
448 818 559 872 spectata
568 817 699 866 iuventus!

90 883 193 930 Dixerat
201 885 305 931 Aeneas.
336 883 381 930 Ille
391 899 417 930 os
427 885 553 941 oculosque
563 887 681 942 loquentis

60 951 201 999 iamdudum
211 956 236 1000 et
246 955 327 1000 totum
336 952 458 1001 lustrabat
467 954 558 1003 lumine
566 971 660 1012 corpus.

62 1021 126 1068 Tum
134 1021 168 1068 sic
174 1037 252 1077 pauca
260 1021 337 1068 refert
347 1042 352 1068 :
368 1021 419 1069 ‘Ut
428 1024 462 1080 te,
470 1022 735 1081 fortissimeTeucrom,

62 1089 154 1146 accipio
162 1105 313 1148 agnoscoque
323 1089 399 1137 libens
408 1093 413 1136 l
427 1092 457 1137 ut
466 1091 541 1138 verba
549 1094 657 1148 parentis

62 1159 88 1206 ct
95 1174 177 1206 vocem
186 1158 308 1207 Anchisae
317 1158 401 1215 magni
410 1159 552 1216 vultumque
561 1162 674 1208 recordor
683 1165 688 1208 !

62 1227 128 1275 Nam
138 1226 236 1274 memini
246 1227 368 1274 Hesionae
377 1228 496 1275 visentem
506 1244 582 1285 regna
592 1230 681 1278 sororis

64 1295 286 1343 Laomedontiaden
296 1295 430 1351 Priamum,
442 1295 567 1343 Salamina
576 1299 710 1354 petentem,

63 1363 177 1421 protinus
186 1364 306 1412 Arcadiae
315 1364 407 1421 gelidos
417 1364 520 1412 invisere
530 1364 597 1412 fines.

18 1441 54 1480 160
64 1433 128 1480 'lhm
138 1432 197 1479 mihi
207 1432 286 1488 prima
295 1448 370 1490 genas
380 1433 487 1480 vestibat
498 1433 556 1481 flore
566 1432 688 1491 iuventas,

63 1500 217 1558 mirabarque
226 1501 299 1549 duces
310 1501 425 1557 Teucros,
436 1502 544 1549 mirabar
553 1503 578 1548 et
588 1502 668 1557 ipsum

64 1570 295 1627 Laomedontiaden,
306 1571 348 1619 sed
359 1571 453 1619 cunctis
463 1570 537 1618 altior
546 1571 598 1618 ibat

63 1640 182 1688 Anchises
192 1658 198 1686 z
213 1639 273 1686 mihi
282 1654 350 1687 mens
359 1638 465 1687 iuvenali
475 1639 576 1686 ardebat
586 1655 667 1688 amore

64 1708 209 1765 compellare
218 1708 299 1757 virum
308 1711 333 1756 et
342 1708 443 1756 dextrae
454 1708 598 1765 coniungere
609 1709 728 1756 dextram.

64 1778 162 1827 Accessi
171 1779 197 1826 et
207 1778 308 1835 cupidus
318 1777 409 1826 Phenei
419 1779 464 1826 sub
474 1778 568 1826 moenia
578 1777 643 1825 duxi.

64 1850 110 1897 Ille
120 1847 180 1895 mihi
189 1846 309 1905 insignem
319 1847 461 1904 pharetram
471 1847 603 1903 Lyciasque
614 1847 717 1904 sagittas

64 1917 191 1965 discedens
201 1915 399 1973 chlamydemque
409 1931 469 1963 auro
479 1915 546 1962 dedit
555 1915 723 1970 intertextam,

64 1987 181 2042 frenaque
190 1986 248 2033 bina
257 2001 325 2033 meus
335 2001 396 2041 quae
405 1999 471 2031 nunc
480 1983 554 2031 habet
564 1998 639 2029 aurea
648 1983 739 2030 Pallas·

65 2056 134 2114 Ergo
139 2055 165 2102 et
170 2070 243 2111 quam
250 2054 334 2111 petitis
339 2054 423 2102 iuncta
431 2055 469 2101 est
476 2051 637 2098 mihiloedere
644 2051 731 2098 dextra

19 2145 55 2181 170
64 2127 89 2172 et
99 2125 143 2171 lux
152 2139 207 2172 oum
217 2124 323 2180 primum
333 2122 405 2170 terris
415 2137 440 2169 se
451 2120 558 2169 crastina
567 2118 660 2177 reddet,

65 2192 157 2240 auxilio
166 2191 243 2241 laetos
253 2193 376 2240 dimittam
387 2190 517 2247 opibusque
527 2188 621 2235 iuvabo.

66 2264 167 2311 Interea
176 2277 247 2310 sacra
256 2261 324 2318 haec,
335 2260 431 2316 quando
440 2258 488 2306 huc
497 2256 596 2304 venistis
607 2254 685 2311 amici,

67 2348 158 2388 annua,
170 2345 231 2387 quae
240 2330 339 2378 differre
347 2328 425 2384 nefas,
436 2326 555 2374 celebrate
565 2325 676 2371 faventes

66 2401 200 2456 nobiscum,
207 2401 232 2447 et
242 2399 291 2446 iam
297 2413 363 2445 nunc
369 2397 487 2444 sociorum
494 2393 624 2441 assuescite
634 2392 740 2440 mensis?

96 2470 166 2516 Haec
176 2468 219 2515 ubi
227 2468 302 2525 dieta,
313 2467 387 2524 dapes
397 2465 464 2512 iubet
473 2466 498 2512 et
509 2463 605 2511 sublata
614 2461 697 2517 reponi

114 2537 123 2585 (
132 2550 168 2587 299
177 2537 186 2586 )
