1972 3164
369 181 392 232 Ρ.
406 181 526 223 VERGILI
538 184 667 226 MARONIS

211 273 245 322 Et
254 274 303 323 iam
312 274 391 333 prima
400 293 463 328 novo
472 281 603 339 spargebat
612 281 703 330 lumine
713 283 794 333 terras

182 343 281 393 'Iithoni
290 362 400 395 croceum
408 348 516 405 linquens
526 352 622 399 Aurora
632 353 717 400 cubile.

181 413 299 470 Reginae
309 416 411 472 speculis
420 419 449 464 ut
458 419 561 474 primam
571 420 691 468 albescere
701 421 781 470 lucem

181 481 243 528 vidit
253 485 278 530 et
288 485 395 540 aequetis
405 486 505 533 classem
515 489 643 543 procedere
652 489 721 548 velis,

181 546 300 607 litoraque
310 555 335 599 et
344 569 432 601 vacuos
442 555 517 602 sensit
527 557 578 603 siue
587 556 678 614 remige
687 560 782 616 portus,

182 619 267 675 terque
277 622 409 676 quaterque
419 637 494 669 manu
501 625 586 679 pectus
594 640 710 680 percussa
719 627 833 675 decorum

134 703 172 741 590
182 686 344 744 flaventesque
354 689 460 737 abscissa
468 706 549 738 comes
560 691 622 738 ‘Pro
632 693 760 750 Iuppiter!
775 695 821 742 ibit

182 753 235 803 hic'
247 756 281 803 ait
293 755 331 805 ‘et
340 758 430 805 nostris
439 759 543 807 illuserit
551 760 647 807 advena
654 762 756 818 regnis?

181 823 239 871 Nou
248 840 317 872 arma
325 826 453 882 expedient
462 829 561 883 totaque
572 842 602 874 ex
612 828 672 875 urbe
683 832 825 890 sequentur,

181 890 346 949 deripienme
355 897 421 942 rates
431 895 472 942 alii
481 895 624 943 navalibus?
651 897 699 955 Ite,

181 957 245 1007 ferte
255 961 298 1008 citi
307 961 424 1021 flammas,
435 963 491 1010 date
500 963 558 1020 tela,
568 963 686 1020 impellite
696 982 784 1014 remos.

182 1028 246 1085 Quid
261 1027 353 1088 loquor,
368 1032 412 1077 aut
427 1030 469 1077 ubi
483 1034 555 1078 sum?
571 1047 632 1088 quae
645 1037 753 1082 mentem
766 1034 862 1082 insania

237 1099 326 1155 mutat,

181 1164 266 1211 infelix
275 1167 354 1214 Dido?
367 1183 432 1215 nunc
442 1169 467 1214 te
477 1167 546 1215 facta
555 1167 630 1224 impia
639 1170 762 1228 tangunt?

182 1232 246 1280 Tum
264 1234 350 1293 decuit,
358 1251 413 1283 cum
425 1238 522 1293 sceptra
534 1237 617 1284 dabas.
647 1238 687 1284 En
697 1238 784 1286 dextra
792 1237 862 1285 fides·

238 1317 292 1360 (1¹10,

181 1384 252 1426 quem
262 1386 342 1419 secum
352 1373 444 1428 patrios
454 1371 523 1420 aiunt
533 1374 631 1429 portare
640 1373 755 1431 Penates,
807 1392 810 1397 ’

182 1453 253 1494 quem
263 1439 362 1487 subiisse
371 1440 460 1489 umeris
470 1441 607 1489 conlectum
617 1443 698 1489 aetate
708 1442 835 1498 parentem
845 1444 851 1488 !

133 1519 171 1558 σω
182 1506 240 1554 Non
249 1508 318 1564 potui
327 1509 454 1565 abreptum
464 1509 578 1556 divellere
588 1523 674 1565 eorpus
684 1512 710 1557 et
719 1508 796 1556 undis¹

182 1590 304 1634 spargere,
314 1593 363 1625 non
373 1577 456 1635 socios,
466 1592 515 1625 non
525 1577 605 1633 ipsum
614 1577 740 1625 absumere
749 1578 816 1625 ferro

181 1643 314 1691 Ascanium
324 1646 455 1702 patriisque
466 1646 612 1701 epulandum
621 1661 711 1701 ponere
720 1646 825 1692 mensis?

181 1710 274 1759 Verum
284 1727 372 1768 anceps
386 1729 482 1772 pugnae
491 1713 574 1760 luerat
581 1713 689 1761 fortuna.
720 1713 831 1760 Fuisset:

180 1794 252 1836 quem
262 1781 338 1827 metui
347 1782 483 1829 moritura?
511 1781 587 1829 Faces
596 1781 622 1829 in
632 1783 714 1828 castra
724 1781 834 1829 tulissem

180 1846 362 1904 implessemque
371 1849 436 1897 foros
447 1849 549 1897 flammis
559 1852 691 1905 natumque
701 1851 843 1905 patremque

181 1931 236 1964 cum
245 1931 333 1974 genere
342 1918 485 1975 exstinxem,
495 1920 584 1965 memet
591 1933 663 1973 super
669 1917 723 1972 ipsa
734 1917 861 1964 dedissem.

181 1985 230 2042 Sol,
241 1984 282 2042 qui
290 1986 412 2033 terrarum
422 1985 524 2033 flammis
534 2000 607 2042 opera
619 1985 700 2033 omnia
711 1985 811 2040 lustras,

180 2056 256 2111 tuque
265 2054 352 2102 harum
361 2055 481 2111 interpres
491 2070 605 2103 curarum
615 2055 640 2102 et
649 2053 744 2101 conscia
752 2053 823 2108 Iuno,

181 2123 352 2178 nocturnisque
362 2123 455 2171 Hecate
464 2122 543 2170 triviis
553 2122 649 2170 ululata
658 2137 702 2177 per
710 2120 791 2178 urbes,

133 2204 171 2242 610
181 2194 207 2239 et
217 2192 292 2240 Dirce
301 2190 400 2239 ultrices
410 2193 435 2238 et
444 2191 469 2238 di
478 2191 605 2239 morientis
614 2191 716 2246 Elissae,

182 2259 283 2318 aecipite
292 2260 359 2317 haec,
369 2259 529 2314 meritumque
539 2260 609 2306 malis
619 2258 739 2306 advertite
748 2270 847 2314 numen,

181 2331 207 2376 et·
214 2331 310 2377 nostres
322 2328 404 2375 audite
414 2343 504 2383 preces.
535 2327 562 2375 si
571 2329 672 2384 tangere
682 2327 768 2382 portus

180 2395 309 2444 infandum
319 2397 392 2452 caput
402 2411 431 2443 ac
441 2395 515 2442 terris
528 2395 620 2442 adnare
629 2409 727 2442 necesse
736 2395 782 2449 est,

181 2466 206 2510 et
216 2465 249 2576 sic
257 2465 313 2577 {aba
322 2465 386 2512 Iovis
396 2465 507 2521 poscunt,
517 2463 558 2512 hio
566 2463 685 2510 terminus
695 2461 794 2508 haeret:

246 2545 256 2568 α
