<?xml version="1.0" encoding="UTF-8"?>
<!DOCTYPE html PUBLIC "-//W3C//DTD XHTML 1.0 Transitional//EN"
    "http://www.w3.org/TR/xhtml1/DTD/xhtml1-transitional.dtd">
<html xmlns="http://www.w3.org/1999/xhtml" xml:lang="en" lang="en">
 <head>
  <title>
</title>
<meta http-equiv="Content-Type" content="text/html;charset=utf-8" />
  <meta name='ocr-system' content='tesseract 3.04.00' />
  <meta name='ocr-capabilities' content='ocr_page ocr_carea ocr_par ocr_line ocrx_word'/>
</head>
<body>
  <div class='ocr_page' id='page_1' title='image "./pvergilimaronis07virggoog_0056.png"; bbox 0 0 1972 3164; ppageno 0'>
   <div class='ocr_carea' id='block_1_1' title="bbox 439 162 624 204">
    <p class='ocr_par' dir='ltr' id='par_1_1' title="bbox 439 162 624 204">
     <span class='ocr_line' id='line_1_1' title="bbox 439 162 624 204; baseline 0.005 -1"><span class='ocrx_word' id='word_1_1' title='bbox 439 162 589 204; x_wconf 78' lang='lat' dir='ltr'>GEORGICA.</span> <span class='ocrx_word' id='word_1_2' title='bbox 612 165 624 204; x_wconf 91' lang='lat'>1</span> 
     </span>
    </p>
   </div>
   <div class='ocr_carea' id='block_1_2' title="bbox 138 259 865 2371">
    <p class='ocr_par' dir='ltr' id='par_1_2' title="bbox 138 259 865 2371">
     <span class='ocr_line' id='line_1_2' title="bbox 191 259 809 320; baseline 0.003 -11"><span class='ocrx_word' id='word_1_3' title='bbox 191 259 284 309; x_wconf 88' lang='lat' dir='ltr'>circum</span> <span class='ocrx_word' id='word_1_4' title='bbox 293 274 382 316; x_wconf 84' lang='lat' dir='ltr'>perque</span> <span class='ocrx_word' id='word_1_5' title='bbox 391 259 451 308; x_wconf 87' lang='lat' dir='ltr'>duas</span> <span class='ocrx_word' id='word_1_6' title='bbox 461 261 487 308; x_wconf 92' lang='lat' dir='ltr'>in</span> <span class='ocrx_word' id='word_1_7' title='bbox 496 276 588 309; x_wconf 90' lang='lat' dir='ltr'>morem</span> <span class='ocrx_word' id='word_1_8' title='bbox 598 261 702 308; x_wconf 86' lang='lat' dir='ltr'>fluminis</span> <span class='ocrx_word' id='word_1_9' title='bbox 711 261 809 320; x_wconf 86' lang='lat' dir='ltr'>Arctos,</span> 
     </span>
     <span class='ocr_line' id='line_1_3' title="bbox 189 327 718 386; baseline 0.004 -10"><span class='ocrx_word' id='word_1_10' title='bbox 189 329 281 376; x_wconf 83' lang='lat' dir='ltr'>Arctos</span> <span class='ocrx_word' id='word_1_11' title='bbox 291 327 381 376; x_wconf 83' lang='lat' dir='ltr'>Oceani</span> <span class='ocrx_word' id='word_1_12' title='bbox 390 329 527 376; x_wconf 76' lang='lat' dir='ltr'>metuentes</span> <span class='ocrx_word' id='word_1_13' title='bbox 535 344 638 386; x_wconf 87' lang='lat' dir='ltr'>aequore</span> <span class='ocrx_word' id='word_1_14' title='bbox 647 329 718 386; x_wconf 91' lang='lat' dir='ltr'>tingi.</span> 
     </span>
     <span class='ocr_line' id='line_1_4' title="bbox 190 397 773 454; baseline 0.002 -10"><span class='ocrx_word' id='word_1_15' title='bbox 190 397 256 454; x_wconf 89' lang='lat' dir='ltr'>Illic,</span> <span class='ocrx_word' id='word_1_16' title='bbox 265 398 296 444; x_wconf 89' lang='lat' dir='ltr'>ut</span> <span class='ocrx_word' id='word_1_17' title='bbox 306 397 441 454; x_wconf 87' lang='lat' dir='ltr'>perhibent,</span> <span class='ocrx_word' id='word_1_18' title='bbox 452 399 496 444; x_wconf 91' lang='lat' dir='ltr'>aut</span> <span class='ocrx_word' id='word_1_19' title='bbox 505 397 652 453; x_wconf 86' lang='lat' dir='ltr'>intempesta</span> <span class='ocrx_word' id='word_1_20' title='bbox 661 397 716 445; x_wconf 89' lang='lat' dir='ltr'>silet</span> <span class='ocrx_word' id='word_1_21' title='bbox 725 413 773 445; x_wconf 88' lang='lat' dir='ltr'>nox</span> 
     </span>
     <span class='ocr_line' id='line_1_5' title="bbox 189 466 791 524; baseline 0 -10"><span class='ocrx_word' id='word_1_22' title='bbox 189 480 287 522; x_wconf 86' lang='lat' dir='ltr'>semper</span> <span class='ocrx_word' id='word_1_23' title='bbox 296 468 322 513; x_wconf 92' lang='lat' dir='ltr'>et</span> <span class='ocrx_word' id='word_1_24' title='bbox 331 466 430 514; x_wconf 89' lang='lat' dir='ltr'>obtenta</span> <span class='ocrx_word' id='word_1_25' title='bbox 439 466 573 514; x_wconf 90' lang='lat' dir='ltr'>densentur</span> <span class='ocrx_word' id='word_1_26' title='bbox 581 467 652 514; x_wconf 91' lang='lat' dir='ltr'>nocte</span> <span class='ocrx_word' id='word_1_27' title='bbox 662 467 775 514; x_wconf 89' lang='lat' dir='ltr'>tenebrae</span> <span class='ocrx_word' id='word_1_28' title='bbox 784 486 791 524; x_wconf 83' lang='lat'>3</span> 
     </span>
     <span class='ocr_line' id='line_1_6' title="bbox 165 534 746 592; baseline 0 -10"><span class='ocrx_word' id='word_1_29' title='bbox 165 542 169 551; x_wconf 89' lang='lat'>&#39;</span> <span class='ocrx_word' id='word_1_30' title='bbox 189 535 236 582; x_wconf 84' lang='lat' dir='ltr'>aut</span> <span class='ocrx_word' id='word_1_31' title='bbox 245 534 308 582; x_wconf 88' lang='lat' dir='ltr'>redit</span> <span class='ocrx_word' id='word_1_32' title='bbox 317 550 334 581; x_wconf 86' lang='lat' dir='ltr'>a</span> <span class='ocrx_word' id='word_1_33' title='bbox 342 535 410 582; x_wconf 88' lang='lat' dir='ltr'>nobis</span> <span class='ocrx_word' id='word_1_34' title='bbox 420 535 516 582; x_wconf 87' lang='lat' dir='ltr'>Aurora</span> <span class='ocrx_word' id='word_1_35' title='bbox 525 534 633 590; x_wconf 89' lang='lat' dir='ltr'>diemque</span> <span class='ocrx_word' id='word_1_36' title='bbox 643 535 746 592; x_wconf 88' lang='lat' dir='ltr'>reducit,</span> 
     </span>
     <span class='ocr_line' id='line_1_7' title="bbox 139 603 819 663; baseline 0.001 -13"><span class='ocrx_word' id='word_1_37' title='bbox 139 624 180 662; x_wconf 81' lang='lat'>250</span> <span class='ocrx_word' id='word_1_38' title='bbox 190 616 283 658; x_wconf 87' lang='lat' dir='ltr'>nosque</span> <span class='ocrx_word' id='word_1_39' title='bbox 292 603 334 650; x_wconf 91' lang='lat' dir='ltr'>ubi</span> <span class='ocrx_word' id='word_1_40' title='bbox 343 603 435 660; x_wconf 89' lang='lat' dir='ltr'>primus</span> <span class='ocrx_word' id='word_1_41' title='bbox 444 603 511 659; x_wconf 87' lang='lat' dir='ltr'>equis</span> <span class='ocrx_word' id='word_1_42' title='bbox 522 603 608 650; x_wconf 91' lang='lat' dir='ltr'>Oriens</span> <span class='ocrx_word' id='word_1_43' title='bbox 618 603 709 651; x_wconf 84' lang='lat' dir='ltr'>afflavit</span> <span class='ocrx_word' id='word_1_44' title='bbox 718 604 819 663; x_wconf 76' lang='lat' dir='ltr'>anhelis,</span> 
     </span>
     <span class='ocr_line' id='line_1_8' title="bbox 190 671 737 729; baseline 0.004 -11"><span class='ocrx_word' id='word_1_45' title='bbox 190 671 241 718; x_wconf 93' lang='lat' dir='ltr'>illic</span> <span class='ocrx_word' id='word_1_46' title='bbox 254 686 309 719; x_wconf 89' lang='lat' dir='ltr'>sera</span> <span class='ocrx_word' id='word_1_47' title='bbox 316 671 406 719; x_wconf 88' lang='lat' dir='ltr'>rubens</span> <span class='ocrx_word' id='word_1_48' title='bbox 415 672 526 720; x_wconf 79' lang='lat' dir='ltr'>accendit</span> <span class='ocrx_word' id='word_1_49' title='bbox 534 672 627 719; x_wconf 87' lang='lat' dir='ltr'>lumina</span> <span class='ocrx_word' id='word_1_50' title='bbox 636 673 737 729; x_wconf 84' lang='lat' dir='ltr'>Vesper.</span> 
     </span>
     <span class='ocr_line' id='line_1_9' title="bbox 190 738 731 797; baseline 0.006 -11"><span class='ocrx_word' id='word_1_51' title='bbox 190 738 248 787; x_wconf 88' lang='lat' dir='ltr'>binc</span> <span class='ocrx_word' id='word_1_52' title='bbox 257 740 414 797; x_wconf 87' lang='lat' dir='ltr'>tempestates</span> <span class='ocrx_word' id='word_1_53' title='bbox 424 740 496 788; x_wconf 87' lang='lat' dir='ltr'>dubio</span> <span class='ocrx_word' id='word_1_54' title='bbox 505 740 654 796; x_wconf 75' lang='lat' dir='ltr'>praediscere</span> <span class='ocrx_word' id='word_1_55' title='bbox 665 741 731 789; x_wconf 87' lang='lat' dir='ltr'>caelo</span> 
     </span>
     <span class='ocr_line' id='line_1_10' title="bbox 189 809 865 868; baseline 0.004 -13"><span class='ocrx_word' id='word_1_56' title='bbox 189 823 327 866; x_wconf 88' lang='lat' dir='ltr'>possumus,</span> <span class='ocrx_word' id='word_1_57' title='bbox 338 809 394 857; x_wconf 90' lang='lat' dir='ltr'>hinc</span> <span class='ocrx_word' id='word_1_58' title='bbox 402 809 532 864; x_wconf 78' lang='lat' dir='ltr'>messisque</span> <span class='ocrx_word' id='word_1_59' title='bbox 539 809 601 856; x_wconf 91' lang='lat' dir='ltr'>diem</span> <span class='ocrx_word' id='word_1_60' title='bbox 611 811 754 866; x_wconf 88' lang='lat' dir='ltr'>tempusque</span> <span class='ocrx_word' id='word_1_61' title='bbox 761 809 865 868; x_wconf 90' lang='lat' dir='ltr'>serendi,</span> 
     </span>
     <span class='ocr_line' id='line_1_11' title="bbox 188 877 767 933; baseline 0.005 -10"><span class='ocrx_word' id='word_1_62' title='bbox 188 878 216 924; x_wconf 91' lang='lat' dir='ltr'>et</span> <span class='ocrx_word' id='word_1_63' title='bbox 226 877 322 933; x_wconf 91' lang='lat' dir='ltr'>quando</span> <span class='ocrx_word' id='word_1_64' title='bbox 330 877 432 925; x_wconf 86' lang='lat' dir='ltr'>infidum</span> <span class='ocrx_word' id='word_1_65' title='bbox 446 877 518 925; x_wconf 89' lang='lat' dir='ltr'>remis</span> <span class='ocrx_word' id='word_1_66' title='bbox 527 877 650 933; x_wconf 89' lang='lat' dir='ltr'>impellere</span> <span class='ocrx_word' id='word_1_67' title='bbox 660 894 767 926; x_wconf 88' lang='lat' dir='ltr'>marmor</span> 
     </span>
     <span class='ocr_line' id='line_1_12' title="bbox 189 944 783 1004; baseline 0.002 -12"><span class='ocrx_word' id='word_1_68' title='bbox 189 944 327 1003; x_wconf 84' lang='lat' dir='ltr'>conveniat,</span> <span class='ocrx_word' id='word_1_69' title='bbox 338 946 434 1003; x_wconf 87' lang='lat' dir='ltr'>quando</span> <span class='ocrx_word' id='word_1_70' title='bbox 443 947 550 993; x_wconf 85' lang='lat' dir='ltr'>armatas</span> <span class='ocrx_word' id='word_1_71' title='bbox 560 946 677 994; x_wconf 82' lang='lat' dir='ltr'>deducere</span> <span class='ocrx_word' id='word_1_72' title='bbox 687 946 783 1004; x_wconf 75' lang='lat' dir='ltr'>classes,</span> 
     </span>
     <span class='ocr_line' id='line_1_13' title="bbox 188 1013 713 1071; baseline 0.004 -11"><span class='ocrx_word' id='word_1_73' title='bbox 188 1015 235 1061; x_wconf 85' lang='lat' dir='ltr'>aut</span> <span class='ocrx_word' id='word_1_74' title='bbox 244 1014 415 1070; x_wconf 86' lang='lat' dir='ltr'>tempestivam</span> <span class='ocrx_word' id='word_1_75' title='bbox 425 1015 492 1062; x_wconf 86' lang='lat' dir='ltr'>silvis</span> <span class='ocrx_word' id='word_1_76' title='bbox 502 1016 610 1062; x_wconf 85' lang='lat' dir='ltr'>evertere</span> <span class='ocrx_word' id='word_1_77' title='bbox 620 1013 713 1071; x_wconf 90' lang='lat' dir='ltr'>pinum.</span> 
     </span>
     <span class='ocr_line' id='line_1_14' title="bbox 189 1081 846 1141; baseline 0.003 -12"><span class='ocrx_word' id='word_1_78' title='bbox 189 1081 244 1130; x_wconf 80' lang='lat' dir='ltr'>Nec</span> <span class='ocrx_word' id='word_1_79' title='bbox 253 1081 347 1133; x_wconf 79' lang='lat' dir='ltr'>frustm</span> <span class='ocrx_word' id='word_1_80' title='bbox 356 1083 479 1141; x_wconf 89' lang='lat' dir='ltr'>signorum</span> <span class='ocrx_word' id='word_1_81' title='bbox 489 1083 570 1131; x_wconf 91' lang='lat' dir='ltr'>obitus</span> <span class='ocrx_word' id='word_1_82' title='bbox 580 1083 733 1139; x_wconf 87' lang='lat' dir='ltr'>speculamur</span> <span class='ocrx_word' id='word_1_83' title='bbox 742 1085 767 1131; x_wconf 92' lang='lat' dir='ltr'>et</span> <span class='ocrx_word' id='word_1_84' title='bbox 777 1084 846 1131; x_wconf 87' lang='lat' dir='ltr'>ortus</span> 
     </span>
     <span class='ocr_line' id='line_1_15' title="bbox 189 1150 826 1209; baseline 0.006 -12"><span class='ocrx_word' id='word_1_85' title='bbox 189 1150 386 1208; x_wconf 86' lang='lat' dir='ltr'>temporibusque</span> <span class='ocrx_word' id='word_1_86' title='bbox 396 1167 480 1209; x_wconf 89' lang='lat' dir='ltr'>parem</span> <span class='ocrx_word' id='word_1_87' title='bbox 490 1152 589 1200; x_wconf 84' lang='lat' dir='ltr'>diversis</span> <span class='ocrx_word' id='word_1_88' title='bbox 599 1153 715 1208; x_wconf 87' lang='lat' dir='ltr'>quattuor</span> <span class='ocrx_word' id='word_1_89' title='bbox 725 1168 826 1201; x_wconf 89' lang='lat' dir='ltr'>annum.</span> 
     </span>
     <span class='ocr_line' id='line_1_16' title="bbox 219 1218 822 1279; baseline 0 -13"><span class='ocrx_word' id='word_1_90' title='bbox 219 1218 333 1276; x_wconf 74' lang='lat' dir='ltr'>Frigidus</span> <span class='ocrx_word' id='word_1_91' title='bbox 343 1220 474 1279; x_wconf 85' lang='lat' dir='ltr'>agricolam</span> <span class='ocrx_word' id='word_1_92' title='bbox 484 1220 609 1277; x_wconf 90' lang='lat' dir='ltr'>siquando</span> <span class='ocrx_word' id='word_1_93' title='bbox 619 1221 727 1268; x_wconf 89' lang='lat' dir='ltr'>continet</span> <span class='ocrx_word' id='word_1_94' title='bbox 736 1220 822 1277; x_wconf 87' lang='lat' dir='ltr'>imber,</span> 
     </span>
     <span class='ocr_line' id='line_1_17' title="bbox 140 1287 845 1346; baseline 0.001 -13"><span class='ocrx_word' id='word_1_95' title='bbox 140 1293 180 1333; x_wconf 69' lang='grc' dir='ltr'>πᾶα</span> <span class='ocrx_word' id='word_1_96' title='bbox 190 1287 279 1346; x_wconf 91' lang='lat' dir='ltr'>multa,</span> <span class='ocrx_word' id='word_1_97' title='bbox 289 1287 371 1337; x_wconf 78' lang='lat' dir='ltr'>forent</span> <span class='ocrx_word' id='word_1_98' title='bbox 380 1305 441 1346; x_wconf 86' lang='lat' dir='ltr'>quae</span> <span class='ocrx_word' id='word_1_99' title='bbox 451 1304 507 1336; x_wconf 86' lang='lat' dir='ltr'>mox</span> <span class='ocrx_word' id='word_1_100' title='bbox 517 1288 583 1336; x_wconf 89' lang='lat' dir='ltr'>caelo</span> <span class='ocrx_word' id='word_1_101' title='bbox 590 1288 743 1344; x_wconf 86' lang='lat' dir='ltr'>properanda</span> <span class='ocrx_word' id='word_1_102' title='bbox 753 1301 845 1346; x_wconf 87' lang='lat' dir='ltr'>sereno,</span> 
     </span>
     <span class='ocr_line' id='line_1_18' title="bbox 189 1356 731 1412; baseline -0.006 -8"><span class='ocrx_word' id='word_1_103' title='bbox 189 1358 315 1405; x_wconf 84' lang='lat' dir='ltr'>maturare</span> <span class='ocrx_word' id='word_1_104' title='bbox 325 1357 413 1406; x_wconf 83' lang='lat' dir='ltr'>datur:</span> <span class='ocrx_word' id='word_1_105' title='bbox 428 1358 517 1405; x_wconf 91' lang='lat' dir='ltr'>durum</span> <span class='ocrx_word' id='word_1_106' title='bbox 527 1356 638 1412; x_wconf 88' lang='lat' dir='ltr'>procudit</span> <span class='ocrx_word' id='word_1_107' title='bbox 648 1358 731 1402; x_wconf 90' lang='lat' dir='ltr'>arator</span> 
     </span>
     <span class='ocr_line' id='line_1_19' title="bbox 189 1424 780 1483; baseline -0.002 -12"><span class='ocrx_word' id='word_1_108' title='bbox 189 1424 294 1473; x_wconf 81' lang='lat' dir='ltr'>vomeris</span> <span class='ocrx_word' id='word_1_109' title='bbox 304 1426 384 1473; x_wconf 90' lang='lat' dir='ltr'>obtusi</span> <span class='ocrx_word' id='word_1_110' title='bbox 393 1427 499 1483; x_wconf 81' lang='lat' dir='ltr'>dentem,</span> <span class='ocrx_word' id='word_1_111' title='bbox 511 1426 582 1473; x_wconf 88' lang='lat' dir='ltr'>cavat</span> <span class='ocrx_word' id='word_1_112' title='bbox 592 1424 677 1471; x_wconf 88' lang='lat' dir='ltr'>arbore</span> <span class='ocrx_word' id='word_1_113' title='bbox 686 1424 780 1481; x_wconf 88' lang='lat' dir='ltr'>lintres,</span> 
     </span>
     <span class='ocr_line' id='line_1_20' title="bbox 190 1491 850 1552; baseline 0.005 -12"><span class='ocrx_word' id='word_1_114' title='bbox 190 1494 235 1540; x_wconf 80' lang='lat' dir='ltr'>aut</span> <span class='ocrx_word' id='word_1_115' title='bbox 244 1494 324 1549; x_wconf 87' lang='lat' dir='ltr'>pecori</span> <span class='ocrx_word' id='word_1_116' title='bbox 334 1495 430 1552; x_wconf 87' lang='lat' dir='ltr'>signum</span> <span class='ocrx_word' id='word_1_117' title='bbox 439 1496 484 1542; x_wconf 87' lang='lat' dir='ltr'>aut</span> <span class='ocrx_word' id='word_1_118' title='bbox 493 1508 607 1541; x_wconf 89' lang='lat' dir='ltr'>numeros</span> <span class='ocrx_word' id='word_1_119' title='bbox 616 1492 738 1548; x_wconf 87' lang='lat' dir='ltr'>impressit</span> <span class='ocrx_word' id='word_1_120' title='bbox 748 1491 850 1543; x_wconf 84' lang='lat' dir='ltr'>acervis.</span> 
     </span>
     <span class='ocr_line' id='line_1_21' title="bbox 189 1561 726 1618; baseline -0.004 -8"><span class='ocrx_word' id='word_1_121' title='bbox 189 1562 321 1610; x_wconf 75' lang='lat' dir='ltr'>Exacuunt</span> <span class='ocrx_word' id='word_1_122' title='bbox 335 1562 377 1610; x_wconf 92' lang='lat' dir='ltr'>alii</span> <span class='ocrx_word' id='word_1_123' title='bbox 385 1563 461 1610; x_wconf 80' lang='lat' dir='ltr'>vallos</span> <span class='ocrx_word' id='word_1_124' title='bbox 472 1563 600 1618; x_wconf 79' lang='lat' dir='ltr'>furcasque</span> <span class='ocrx_word' id='word_1_125' title='bbox 610 1561 726 1618; x_wconf 89' lang='lat' dir='ltr'>bicornes,</span> 
     </span>
     <span class='ocr_line' id='line_1_22' title="bbox 188 1630 791 1688; baseline 0.003 -10"><span class='ocrx_word' id='word_1_126' title='bbox 188 1631 263 1687; x_wconf 69' lang='lat' dir='ltr'>atauo</span> <span class='ocrx_word' id='word_1_127' title='bbox 272 1631 389 1678; x_wconf 83' lang='lat' dir='ltr'>Amerina</span> <span class='ocrx_word' id='word_1_128' title='bbox 398 1633 488 1688; x_wconf 88' lang='lat' dir='ltr'>parant</span> <span class='ocrx_word' id='word_1_129' title='bbox 502 1631 583 1678; x_wconf 83' lang='lat' dir='ltr'>lentae</span> <span class='ocrx_word' id='word_1_130' title='bbox 593 1630 729 1678; x_wconf 85' lang='lat' dir='ltr'>retinacula</span> <span class='ocrx_word' id='word_1_131' title='bbox 738 1630 791 1680; x_wconf 87' lang='lat' dir='ltr'>viti.</span> 
     </span>
     <span class='ocr_line' id='line_1_23' title="bbox 188 1699 724 1757; baseline -0.002 -11"><span class='ocrx_word' id='word_1_132' title='bbox 188 1699 262 1747; x_wconf 83' lang='lat' dir='ltr'>Nunc</span> <span class='ocrx_word' id='word_1_133' title='bbox 271 1699 349 1748; x_wconf 75' lang='lat' dir='ltr'>facilis</span> <span class='ocrx_word' id='word_1_134' title='bbox 359 1699 435 1747; x_wconf 86' lang='lat' dir='ltr'>rubea</span> <span class='ocrx_word' id='word_1_135' title='bbox 444 1701 544 1747; x_wconf 81' lang='lat' dir='ltr'>texatur</span> <span class='ocrx_word' id='word_1_136' title='bbox 554 1699 638 1746; x_wconf 87' lang='lat' dir='ltr'>fiscina</span> <span class='ocrx_word' id='word_1_137' title='bbox 646 1699 724 1757; x_wconf 75' lang='lat' dir='ltr'>virga,</span> 
     </span>
     <span class='ocr_line' id='line_1_24' title="bbox 188 1767 786 1826; baseline -0.002 -10"><span class='ocrx_word' id='word_1_138' title='bbox 188 1784 254 1816; x_wconf 91' lang='lat' dir='ltr'>nunc</span> <span class='ocrx_word' id='word_1_139' title='bbox 263 1769 355 1816; x_wconf 90' lang='lat' dir='ltr'>torrete</span> <span class='ocrx_word' id='word_1_140' title='bbox 364 1769 417 1826; x_wconf 86' lang='lat' dir='ltr'>igni</span> <span class='ocrx_word' id='word_1_141' title='bbox 426 1769 517 1826; x_wconf 78' lang='lat' dir='ltr'>fruges,</span> <span class='ocrx_word' id='word_1_142' title='bbox 528 1784 593 1815; x_wconf 91' lang='lat' dir='ltr'>nunc</span> <span class='ocrx_word' id='word_1_143' title='bbox 603 1767 710 1824; x_wconf 80' lang='lat' dir='ltr'>frangite</span> <span class='ocrx_word' id='word_1_144' title='bbox 720 1783 786 1815; x_wconf 87' lang='lat' dir='ltr'>saxo.</span> 
     </span>
     <span class='ocr_line' id='line_1_25' title="bbox 189 1836 789 1894; baseline 0 -10"><span class='ocrx_word' id='word_1_145' title='bbox 189 1837 284 1894; x_wconf 81' lang='lat' dir='ltr'>Quippe</span> <span class='ocrx_word' id='word_1_146' title='bbox 294 1837 368 1886; x_wconf 88' lang='lat' dir='ltr'>etiam</span> <span class='ocrx_word' id='word_1_147' title='bbox 378 1837 448 1885; x_wconf 81' lang='lat' dir='ltr'>festis</span> <span class='ocrx_word' id='word_1_148' title='bbox 457 1837 575 1893; x_wconf 87' lang='lat' dir='ltr'>quaedam</span> <span class='ocrx_word' id='word_1_149' title='bbox 585 1852 696 1884; x_wconf 82' lang='lat' dir='ltr'>exercere</span> <span class='ocrx_word' id='word_1_150' title='bbox 706 1836 789 1884; x_wconf 89' lang='lat' dir='ltr'>diebus</span> 
     </span>
     <span class='ocr_line' id='line_1_26' title="bbox 188 1905 719 1953; baseline -0.002 -1"><span class='ocrx_word' id='word_1_151' title='bbox 188 1905 228 1952; x_wconf 78' lang='lat' dir='ltr'>fas</span> <span class='ocrx_word' id='word_1_152' title='bbox 238 1907 263 1953; x_wconf 93' lang='lat' dir='ltr'>et</span> <span class='ocrx_word' id='word_1_153' title='bbox 272 1906 327 1952; x_wconf 89' lang='lat' dir='ltr'>iura</span> <span class='ocrx_word' id='word_1_154' title='bbox 336 1906 434 1952; x_wconf 87' lang='lat' dir='ltr'>sinunt:</span> <span class='ocrx_word' id='word_1_155' title='bbox 450 1905 513 1952; x_wconf 83' lang='lat' dir='ltr'>rives</span> <span class='ocrx_word' id='word_1_156' title='bbox 524 1906 640 1953; x_wconf 88' lang='lat' dir='ltr'>deducere</span> <span class='ocrx_word' id='word_1_157' title='bbox 650 1905 719 1952; x_wconf 90' lang='lat' dir='ltr'>nulla</span> 
     </span>
     <span class='ocr_line' id='line_1_27' title="bbox 138 1973 742 2032; baseline -0.003 -10"><span class='ocrx_word' id='word_1_158' title='bbox 138 1995 178 2032; x_wconf 84' lang='lat'>270</span> <span class='ocrx_word' id='word_1_159' title='bbox 190 1973 276 2031; x_wconf 82' lang='lat' dir='ltr'>religio</span> <span class='ocrx_word' id='word_1_160' title='bbox 286 1974 373 2031; x_wconf 86' lang='lat' dir='ltr'>vetuit,</span> <span class='ocrx_word' id='word_1_161' title='bbox 385 1974 461 2030; x_wconf 88' lang='lat' dir='ltr'>segeti</span> <span class='ocrx_word' id='word_1_162' title='bbox 471 1975 628 2030; x_wconf 88' lang='lat' dir='ltr'>praetendere</span> <span class='ocrx_word' id='word_1_163' title='bbox 638 1989 742 2031; x_wconf 86' lang='lat' dir='ltr'>saepem,</span> 
     </span>
     <span class='ocr_line' id='line_1_28' title="bbox 188 2042 718 2099; baseline -0.002 -10"><span class='ocrx_word' id='word_1_164' title='bbox 188 2042 288 2090; x_wconf 86' lang='lat' dir='ltr'>insidias</span> <span class='ocrx_word' id='word_1_165' title='bbox 298 2043 383 2090; x_wconf 87' lang='lat' dir='ltr'>avibus</span> <span class='ocrx_word' id='word_1_166' title='bbox 393 2043 479 2099; x_wconf 92' lang='lat' dir='ltr'>moliri,</span> <span class='ocrx_word' id='word_1_167' title='bbox 490 2043 616 2090; x_wconf 90' lang='lat' dir='ltr'>incendere</span> <span class='ocrx_word' id='word_1_168' title='bbox 626 2057 718 2099; x_wconf 86' lang='lat' dir='ltr'>vepres,</span> 
     </span>
     <span class='ocr_line' id='line_1_29' title="bbox 188 2109 776 2169; baseline -0.002 -11"><span class='ocrx_word' id='word_1_169' title='bbox 188 2110 362 2167; x_wconf 86' lang='lat' dir='ltr'>balantumque</span> <span class='ocrx_word' id='word_1_170' title='bbox 372 2126 470 2169; x_wconf 78' lang='lat' dir='ltr'>gregem</span> <span class='ocrx_word' id='word_1_171' title='bbox 480 2111 552 2159; x_wconf 82' lang='lat' dir='ltr'>fluvio</span> <span class='ocrx_word' id='word_1_172' title='bbox 561 2127 667 2158; x_wconf 89' lang='lat' dir='ltr'>mersare</span> <span class='ocrx_word' id='word_1_173' title='bbox 677 2109 776 2158; x_wconf 87' lang='lat' dir='ltr'>salubri.</span> 
     </span>
     <span class='ocr_line' id='line_1_30' title="bbox 190 2178 685 2236; baseline -0.002 -10"><span class='ocrx_word' id='word_1_174' title='bbox 190 2178 266 2235; x_wconf 82' lang='lat' dir='ltr'>Saepe</span> <span class='ocrx_word' id='word_1_175' title='bbox 276 2179 328 2227; x_wconf 93' lang='lat' dir='ltr'>oleo</span> <span class='ocrx_word' id='word_1_176' title='bbox 337 2179 402 2227; x_wconf 89' lang='lat' dir='ltr'>tardi</span> <span class='ocrx_word' id='word_1_177' title='bbox 412 2181 491 2227; x_wconf 88' lang='lat' dir='ltr'>costas</span> <span class='ocrx_word' id='word_1_178' title='bbox 501 2180 607 2236; x_wconf 82' lang='lat' dir='ltr'>agitator</span> <span class='ocrx_word' id='word_1_179' title='bbox 617 2179 685 2226; x_wconf 89' lang='lat' dir='ltr'>aselli</span> 
     </span>
     <span class='ocr_line' id='line_1_31' title="bbox 188 2246 815 2306; baseline -0.008 -12"><span class='ocrx_word' id='word_1_180' title='bbox 188 2247 277 2294; x_wconf 86' lang='lat' dir='ltr'>vilibus</span> <span class='ocrx_word' id='word_1_181' title='bbox 287 2250 331 2294; x_wconf 93' lang='lat' dir='ltr'>aut</span> <span class='ocrx_word' id='word_1_182' title='bbox 340 2248 426 2296; x_wconf 89' lang='lat' dir='ltr'>onerat</span> <span class='ocrx_word' id='word_1_183' title='bbox 435 2248 520 2306; x_wconf 88' lang='lat' dir='ltr'>pomis,</span> <span class='ocrx_word' id='word_1_184' title='bbox 531 2248 681 2304; x_wconf 89' lang='lat' dir='ltr'>lapidemque</span> <span class='ocrx_word' id='word_1_185' title='bbox 691 2246 815 2292; x_wconf 87' lang='lat' dir='ltr'>revertens</span> 
     </span>
     <span class='ocr_line' id='line_1_32' title="bbox 187 2313 807 2371; baseline -0.008 -9"><span class='ocrx_word' id='word_1_186' title='bbox 187 2315 300 2362; x_wconf 88' lang='lat' dir='ltr'>incusum</span> <span class='ocrx_word' id='word_1_187' title='bbox 310 2319 354 2364; x_wconf 88' lang='lat' dir='ltr'>aut</span> <span class='ocrx_word' id='word_1_188' title='bbox 363 2318 431 2364; x_wconf 89' lang='lat' dir='ltr'>atrae</span> <span class='ocrx_word' id='word_1_189' title='bbox 438 2332 541 2364; x_wconf 91' lang='lat' dir='ltr'>massam</span> <span class='ocrx_word' id='word_1_190' title='bbox 552 2316 610 2371; x_wconf 88' lang='lat' dir='ltr'>picis</span> <span class='ocrx_word' id='word_1_191' title='bbox 620 2315 680 2361; x_wconf 92' lang='lat' dir='ltr'>urbe</span> <span class='ocrx_word' id='word_1_192' title='bbox 690 2313 807 2366; x_wconf 89' lang='lat' dir='ltr'>reportat.</span> 
     </span>
    </p>
   </div>
   <div class='ocr_carea' id='block_1_3' title="bbox 218 2382 711 2439">
    <p class='ocr_par' dir='ltr' id='par_1_3' title="bbox 218 2382 711 2439">
     <span class='ocr_line' id='line_1_33' title="bbox 218 2382 711 2439; baseline -0.01 -8"><span class='ocrx_word' id='word_1_193' title='bbox 218 2385 276 2439; x_wconf 85' lang='lat' dir='ltr'>Ipsa</span> <span class='ocrx_word' id='word_1_194' title='bbox 285 2384 335 2432; x_wconf 88' lang='lat' dir='ltr'>dies</span> <span class='ocrx_word' id='word_1_195' title='bbox 345 2386 404 2433; x_wconf 86' lang='lat' dir='ltr'>alios</span> <span class='ocrx_word' id='word_1_196' title='bbox 414 2385 462 2432; x_wconf 88' lang='lat' dir='ltr'>alio</span> <span class='ocrx_word' id='word_1_197' title='bbox 471 2385 537 2432; x_wconf 90' lang='lat' dir='ltr'>dedit</span> <span class='ocrx_word' id='word_1_198' title='bbox 547 2385 629 2430; x_wconf 87' lang='lat' dir='ltr'>ordine</span> <span class='ocrx_word' id='word_1_199' title='bbox 639 2382 711 2428; x_wconf 86' lang='lat' dir='ltr'>Luna</span> 
     </span>
    </p>
   </div>
   <div class='ocr_carea' id='block_1_4' title="bbox 188 2448 854 2571">
    <p class='ocr_par' dir='ltr' id='par_1_4' title="bbox 188 2448 854 2571">
     <span class='ocr_line' id='line_1_34' title="bbox 188 2448 854 2571; baseline -0.003 -73"><span class='ocrx_word' id='word_1_200' title='bbox 188 2450 271 2569; x_wconf 53' lang='lat' dir='ltr'>felices</span> <span class='ocrx_word' id='word_1_201' title='bbox 280 2468 388 2571; x_wconf 54' lang='grc' dir='ltr'>(Ξρετωη.</span> <span class='ocrx_word' id='word_1_202' title='bbox 419 2453 535 2511; x_wconf 77' lang='lat' dir='ltr'>Quintam</span> <span class='ocrx_word' id='word_1_203' title='bbox 545 2452 602 2508; x_wconf 79' lang='lat' dir='ltr'>fuge</span> <span class='ocrx_word' id='word_1_204' title='bbox 613 2471 618 2498; x_wconf 73' lang='grc' dir='ltr'><em>ι</em></span> <span class='ocrx_word' id='word_1_205' title='bbox 634 2448 737 2505; x_wconf 86' lang='lat' dir='ltr'>pallidus</span> <span class='ocrx_word' id='word_1_206' title='bbox 748 2448 825 2496; x_wconf 86' lang='lat' dir='ltr'>Orcus</span> <span class='ocrx_word' id='word_1_207' title='bbox 848 2521 854 2530; x_wconf 90' lang='lat'>.</span> 
     </span>
     <span class='ocr_line' id='line_1_35' title="bbox 255 2534 278 2571; baseline 0 0"><span class='ocrx_word' id='word_1_208' title='bbox 255 2534 278 2571; x_wconf 79' lang='lat'>⁴7</span> 
     </span>
    </p>
   </div>
   <div class='ocr_carea' id='block_1_5' title="bbox 0 0 990 3164">
    <p class='ocr_par' dir='ltr' id='par_1_5' title="bbox 0 0 990 3164">
     <span class='ocr_line' id='line_1_36' title="bbox 0 0 990 3164; baseline 0 2"><span class='ocrx_word' id='word_1_209' title='bbox 0 0 990 3164; x_wconf 95' lang='lat' dir='ltr'> </span> 
     </span>
    </p>
   </div>
  </div>
 </body>
</html>
