1972 3164
12 39 984 65 —

436 255 459 293 P.
472 255 591 295 VERGILI
604 256 732 297 MARONIS

243 347 317 396 litora
326 349 432 398 iactetur
440 350 500 399 odiis
510 351 609 400 Iunonis
619 354 728 411 acerbae,

245 421 305 467 nota
314 419 367 477 tibi,
379 421 405 467 et
414 421 498 468 nostro
508 420 609 469 doluisti
619 437 690 478 saepe
701 422 789 470 dolore.

196 497 233 545 670
246 490 319 537 Nunc
329 488 461 536 Phoenissa
468 491 537 536 tenet
545 490 610 537 Dido
619 490 762 547 blandisque
772 493 882 540 moratur

246 557 358 614 vocibus;
372 559 398 604 et
406 572 498 614 vereor,
508 573 556 613 quo
567 573 592 605 se
602 559 707 606 Iunonia
716 561 816 606 vortant

245 626 365 682 hospitia;
379 625 445 672 haud
454 627 525 673 tanto
536 627 639 674 cessabit
649 627 748 674 cardine
758 643 848 676 rerum.

247 694 364 750 Quocirca
374 709 459 750 capere
469 696 527 741 aute
537 695 598 742 dolis
609 696 633 741 et
644 695 741 752 cingere
751 696 850 743 flamma

246 762 355 819 reginam
364 762 475 820 meditor,
486 777 573 819 nequo
583 778 607 811 ae
617 764 716 812 numine
728 766 815 822 mutet,

246 831 288 877 sed
297 846 387 889 magno
394 831 491 878 Aeneae
501 846 594 879 mecum
602 833 717 880 teneatur
725 848 814 881 amore.

246 899 300 955 Qua
315 898 395 947 iacere
412 899 438 946 id
453 899 537 957 possis,
552 901 662 947 nostram
678 916 743 949 nunc
759 901 841 957 accipe
857 917 923 948 men·

300 969 359 1015 tem.

245 1035 336 1092 Regius
346 1036 426 1084 accitu
435 1036 485 1084 cari
494 1036 610 1094 genitoris
620 1037 652 1085 ad
668 1037 753 1084 urbem

246 1104 369 1151 Sidoniam
378 1120 438 1160 puer
447 1105 483 1152 ire
492 1107 573 1162 paret,
584 1121 639 1154 mea
647 1106 755 1153 maxima
764 1121 832 1163 cura,

246 1172 308 1218 dona
318 1173 399 1220 ferens
408 1173 495 1231 pelago
503 1176 529 1220 ct
539 1174 642 1221 flammis
651 1175 771 1222 restantia
781 1174 868 1223 Troiae
877 1194 884 1232 ;

197 1253 234 1290 680
246 1241 311 1289 hunc
321 1257 365 1300 ego
375 1242 480 1297 sopitum
491 1258 574 1290 somno
583 1258 656 1299 super
666 1243 717 1290 elta
728 1244 836 1300 Cythera

246 1312 291 1358 aut
300 1326 373 1367 super
382 1310 486 1357 Idalium
496 1312 592 1358 sacrata
602 1311 658 1359 sede
668 1312 808 1370 recondam,

246 1395 277 1427 ne
287 1395 334 1436 qua
344 1379 404 1428 scire
414 1379 480 1427 dolos
491 1380 613 1427 mediusve
623 1394 749 1428 occurrere
759 1381 843 1436 possit.

247 1451 286 1497 Tu
295 1449 381 1497 faciem
390 1448 455 1495 illius
465 1450 561 1496 noctem
570 1463 619 1495 uon
629 1448 732 1504 amplius
741 1464 816 1496 unam

246 1517 304 1565 falle
314 1518 368 1565 dolo
377 1519 402 1564 et
412 1518 482 1564 notos
492 1517 561 1572 pueri
574 1532 636 1573 puer
644 1516 717 1564 induo
727 1518 818 1574 vultus,

247 1588 284 1644 ut,
296 1603 350 1634 cum
360 1588 386 1634 te
395 1585 485 1643 memio
495 1585 597 1641 accipiet
606 1584 739 1632 laetissima
748 1585 813 1632 Dido

246 1655 339 1712 regales
348 1655 413 1702 inter
422 1668 517 1701 mensas
527 1653 669 1709 laticemque
679 1654 794 1711 Lyaeum,

247 1740 302 1771 cum
313 1722 380 1771 dabit
390 1723 514 1778 amplexus
525 1723 597 1778 atoue
606 1722 688 1769 oscula
697 1722 778 1770 dulcia
787 1722 854 1779 figat,

246 1792 367 1840 occultum
376 1791 478 1847 inspires
487 1791 568 1847 ignem
578 1790 696 1846 fallasque
705 1791 814 1838 veneno!

247 1861 321 1907 Paret
331 1860 408 1907 Amor
417 1859 487 1907 dictis
498 1873 568 1906 carae
578 1859 713 1915 genetricis,
724 1860 749 1905 ct
758 1859 810 1906 alas

198 1937 235 1984 690
247 1929 314 1978 exuit
324 1931 349 1976 et
358 1943 443 1985 gressu
452 1927 560 1985 gaudens
569 1926 659 1975 incedit
669 1927 725 1974 Iuli.

246 1998 282 2044 At
292 1998 376 2045 Venus
385 1996 491 2044 Ascanio
500 1995 619 2052 placidam
630 2011 674 2051 per
683 1995 791 2042 membra
801 1995 907 2050 quietem

245 2065 341 2122 irrigat,
352 2065 378 2113 et
387 2065 467 2112 fotum
477 2064 567 2121 gremio
577 2064 622 2110 dea
630 2062 695 2109 tollit
703 2063 729 2109 in
738 2062 800 2109 altos

246 2135 337 2181 Idaliae
346 2133 421 2190 lucos,
432 2133 474 2179 ubi
483 2132 560 2179 mollis
570 2147 697 2179 amaracus
706 2132 776 2178 illum

246 2202 343 2250 floribus
354 2203 379 2249 et
388 2201 452 2249 dulci
462 2200 571 2256 aspirans
582 2199 749 2256 complectitur
759 2199 854 2245 umbra.

246 2271 345 2326 Iamque
355 2270 406 2316 ibat
416 2269 481 2316 dicto
491 2284 579 2324 parens
589 2269 614 2315 et
624 2268 687 2314 dona
697 2268 790 2322 Cupido

246 2340 314 2399 regia
323 2338 438 2396 portabat
447 2337 526 2392 Clariis
537 2337 597 2383 duce
606 2336 686 2384 laetus
695 2336 799 2384 Achate.

246 2410 308 2456 (lum
318 2407 393 2464 venit,
404 2405 494 2454 aulaeis
503 2405 551 2451 iam
562 2420 587 2453 se
596 2405 681 2462 regina
690 2405 799 2460 superbis

245 2493 320 2524 aurea
329 2474 462 2532 composuit
472 2474 564 2529 sponda
573 2473 723 2528 mediamque
732 2472 821 2520 locavit
829 2493 835 2530 ;

481 2571 516 2603 668.
537 2577 554 2602 a.
562 2566 576 2601 l.
584 2565 686 2608 ‘iniquaa'

294 2625 302 2672 (
312 2638 346 2674 ¹34
355 2623 363 2671 )
