1972 3164
410 170 523 212 AENEIS.
549 171 604 212 VIII

130 289 159 317 πο
167 266 242 323 atque
251 265 358 314 animum
368 282 433 316 nunc
442 267 490 316 huc
500 268 609 326 celerem,
620 284 685 317 nunc
694 269 780 318 dividit

224 335 291 393 illuc,

166 404 194 451 in
203 404 332 459 partesque
342 403 408 460 rupit
416 405 496 452 verius
506 420 596 461 perque
605 404 687 453 omniu
695 406 777 453 versat
787 425 793 452 ε

167 472 232 521 sicut
243 487 319 528 equue
328 473 460 520 tremulum
470 473 543 521 labris
554 474 595 522 ubi
605 475 686 522 lumen
695 474 762 522 uinis

167 540 218 588 sole
228 556 396 596 repercussum
406 543 450 589 uut
459 542 579 590 radiantis
589 542 696 600 imagine
705 543 778 591 lunse

166 609 249 656 omnia
258 610 389 665 pervolitat
399 609 448 658 late
458 610 519 667 locu,
529 611 624 667 iamque
634 611 679 658 sub
689 626 762 659 eurus

167 677 274 736 erigitur
283 678 417 734 summique
427 678 485 725 ierit
494 678 617 734 laquearia
626 679 694 727 tecti.

166 746 224 794 Nox
233 747 296 804 erat,
306 747 332 793 et
340 747 419 794 terres
429 746 543 794 animalia
552 747 616 795 lesse
626 763 669 805 per
679 763 761 796 omnes

167 814 272 861 alituum
282 814 447 870 pecudumque
457 831 534 874 genus
544 831 615 872 sopor
623 817 688 863 altus
698 816 818 863 habebat:

167 897 224 930 cum
234 884 304 939 puter
312 882 339 929 iu
348 882 402 939 ripa
412 883 531 941 gelidique
541 884 586 931 sub
595 885 700 933 aetheris
709 900 754 932 uxe

167 951 271 1007 Aeneas,
281 950 348 998 tristi
357 952 472 998 turbatus
482 954 582 1008 pectora
591 953 661 1012 bello,

132 1041 159 1077 ³0
168 1019 297 1075 procubuit
306 1034 431 1074 serumque
441 1019 507 1067 dedit
517 1035 560 1075 per
569 1023 678 1071 membra
688 1024 801 1080 quietem.

168 1087 235 1135 Huic
245 1087 303 1135 deus
313 1087 364 1143 ipse
374 1087 421 1135 loci
430 1087 503 1135 fluvio
513 1089 639 1137 Tiberinus
650 1107 750 1140 amoeno

168 1154 283 1212 populeus
292 1155 358 1202 inter
369 1155 448 1204 senior
461 1171 486 1203 se
496 1157 607 1204 attollere
615 1158 712 1208 frondes

167 1224 234 1272 visus
243 1243 250 1281 ;
264 1239 320 1272 eum
329 1225 409 1271 tenuis
418 1224 505 1281 gleuco
514 1224 612 1273 velabat
621 1227 713 1274 amictu

168 1293 291 1350 carbasus,
302 1295 327 1340 et
337 1292 415 1340 crines
425 1292 539 1340 umbrosa
547 1293 646 1349 tegebat
656 1295 781 1353 herund03

167 1363 223 1408 tum
233 1361 267 1409 sic
276 1362 349 1409 effari
358 1362 384 1409 et
393 1377 464 1409 cures
474 1361 512 1408 his
522 1362 618 1409 demere
628 1362 713 1412 dictis:

198 1429 235 1477 ‘0
258 1431 311 1478 sate
334 1431 406 1487 gente
430 1431 510 1487 deum,
532 1431 662 1478 Troianam
687 1448 717 1479 ex
738 1433 848 1481 hostibus

225 1499 311 1546 urbem

167 1566 210 1624 qui
219 1567 312 1615 revehis
322 1567 389 1615 nobis
399 1569 544 1623 aeternoque
554 1567 674 1624 Pergamo
682 1585 772 1626 servus,
870 1620 873 1625 ,

167 1637 307 1691 exspectate
316 1635 366 1683 solo
375 1635 493 1683 Laurenti
503 1636 612 1691 arvisque
623 1637 725 1694 Latinis,

168 1704 209 1752 hic
218 1704 262 1751 tibi
272 1704 340 1751 certo
348 1703 440 1760 domus,
452 1704 513 1750 certi
523 1706 562 1758 (ne
572 1704 669 1758 absiste)
680 1707 784 1760 penates
794 1724 800 1762 ;

133 1797 160 1834 ⁴0
169 1788 218 1820 neu
227 1772 285 1819 belli
294 1773 387 1820 terrere
396 1771 468 1819 minis
477 1792 483 1819 z
498 1774 581 1820 tumor
590 1774 667 1821 omnis
677 1775 703 1820 et
713 1773 763 1820 irae

169 1855 307 1889 concessere
317 1841 397 1888 deum.
845 1896 850 1903 ¹

168 1911 269 1965 Iamque
278 1908 332 1966 tibi,
344 1923 375 1956 ne
384 1924 449 1956 vanu
459 1911 530 1965 putes
540 1909 600 1957 haec
609 1909 701 1969 fingere
711 1926 830 1968 somnum,

168 1978 261 2026 litoreis
270 1977 355 2034 ingens
365 1976 465 2024 inventa
475 1976 519 2025 sub
529 1977 622 2025 ilicibus
633 1995 682 2035 sus,

168 2046 273 2103 triginta
283 2045 391 2101 cupitum
402 2044 468 2091 fetus
479 2046 558 2102 enixe,
568 2045 655 2093 iacebit

169 2114 234 2172 albu,
245 2114 295 2161 solo
304 2113 430 2170 recubans,
441 2113 490 2159 elbi
500 2113 591 2161 circum
601 2114 677 2161 ubera
687 2113 754 2160 nuti:

172 2181 224 2242 [hic
233 2183 298 2230 locus
308 2182 375 2229 urbis
384 2181 440 2238 erit,
451 2182 544 2236 requies
554 2196 582 2228 eu
592 2184 659 2228 certe
668 2177 799 2238 laborum]

169 2267 200 2299 ex
210 2266 257 2307 quo
267 2252 306 2298 ter
316 2250 383 2297 denis
393 2249 477 2296 urbem
490 2249 646 2297 redeuntibus
657 2248 726 2294 annis

169 2319 290 2368 Ascanius
301 2318 360 2366 cleri
370 2318 456 2366 condet
467 2317 613 2374 cognominis
623 2316 720 2363 Albam.

170 2389 246 2436 Haud
256 2388 350 2435 incerto
359 2402 427 2434 cano.
457 2386 530 2432 Nunc
540 2401 588 2440 quu
597 2384 691 2430 ratione
702 2381 765 2438 quod
774 2381 850 2429 instat

134 2484 159 2520 50
169 2457 284 2514 expedies
297 2456 383 2514 victor,
393 2454 477 2512 paucis
488 2453 605 2508 (adverte)
616 2451 712 2499 docebo.

220 2526 228 2575 (
238 2539 273 2576 295
283 2527 292 2575 )
