1972 3164
326 802 361 868 P.
393 801 579 867 vunnim
610 803 821 872 Mlucius
883 890 887 897 ,

440 973 477 1046 Α
493 975 527 1048 Ε
542 974 579 1050 N
594 977 628 1048 El
643 977 664 1050 Ι
679 976 707 1052 S

532 1155 608 1181 -u-

370 1272 489 1328 LIBER
511 1274 775 1328 DUODEOIMUS.

236 1409 395 1503 TURNUS
404 1411 433 1458 ut
443 1410 561 1459 infractos
572 1411 672 1458 adverso
682 1411 765 1458 Marte
776 1411 879 1459 Latinos

292 1479 406 1528 defecisse
416 1479 491 1535 videt,
502 1495 547 1526 sua
556 1495 620 1527 nnnc
630 1479 748 1534 promissa
757 1480 860 1538 reposci,

235 1563 260 1597 se
270 1548 362 1606 signari
372 1548 455 1605 oculis,
465 1547 532 1595 ultro
541 1547 697 1603 implacabilis
708 1548 779 1594 ardet

235 1618 374 1673 attollimus
383 1616 484 1664 animos.
514 1616 650 1663 Poenorum
660 1615 737 1670 qualis
747 1616 773 1662 in
784 1615 850 1663 arvis

235 1687 331 1734 saucius
341 1686 382 1732 ille
392 1685 463 1744 gravi
472 1687 605 1732 venantum
615 1684 714 1731 vulnere
724 1686 811 1739 pectus

234 1755 290 1801 tum
299 1754 397 1801 demum
407 1756 488 1801 movet
498 1769 566 1800 arma
577 1753 623 1810 leo,
633 1753 770 1809 gaudetque
781 1754 907 1801 comantes

235 1824 360 1871 excutiens
370 1823 463 1870 cervice
473 1824 548 1879 toros,
559 1822 680 1877 fixumque
690 1821 793 1868 latronis

234 1890 370 1947 impavidus
380 1890 475 1947 frangit
485 1891 562 1937 telum
572 1892 597 1936 et
606 1890 690 1936 tremit
699 1905 740 1936 ore
751 1891 869 1937 cruento:

235 1959 300 2006 haud
311 1974 378 2006 secus
388 1973 489 2006 accenso
497 1957 579 2014 gliscit
589 1957 705 2006 violentia
714 1959 809 2007 Turno.

201 2059 225 2085 10
236 2029 299 2075 Tum
310 2027 343 2075 sic
353 2026 446 2074 affatur
455 2041 536 2082 regem
544 2027 617 2082 atque
627 2027 663 2074 ila
672 2027 786 2074 turbidus
797 2027 866 2073 infit:

237 2093 327 2145 ‘Nulla
343 2111 412 2142 mora
426 2095 452 2141 in
469 2096 553 2143 Turno
561 2115 567 2153 ;
582 2095 642 2142 nihil
661 2098 698 2144 est
715 2097 780 2152 quod
797 2097 865 2144 dicta
880 2112 918 2143 re-

292 2165 402 2213 tractent

235 2234 318 2292 ignavi
327 2231 462 2290 Aeneadae,
473 2247 517 2279 nec
527 2247 588 2287 quae
598 2232 709 2287 pepigere
719 2232 836 2278 recusent
846 2253 851 2279 :

236 2304 385 2362 congredior.
414 2302 464 2349 Fer
474 2317 550 2357 sacra,
562 2303 640 2356 pater,
651 2301 676 2346 et
686 2299 785 2355 concipe
796 2301 893 2348 foedus.

236 2375 288 2421 Aut
297 2374 344 2421 hac
353 2370 506 2419 Dardanium
516 2370 603 2417 dextra
612 2368 657 2416 sub
666 2369 773 2415 Tartara
782 2369 895 2427 mittam,

236 2443 383 2490 desertorem
392 2441 465 2489 Asiae
473 2440 582 2496 (sedeant
592 2438 748 2494 spectentque
759 2437 864 2496 Latini),

235 2512 261 2556 et
271 2512 335 2559 solus
346 2511 411 2558 ferro
422 2509 511 2558 crimen
522 2524 647 2556 commune
657 2506 775 2562 refellam,

235 2581 279 2625 aut
289 2580 378 2626 habeat
387 2579 472 2635 victos,
483 2577 552 2625 cedat
563 2574 664 2622 Lavinia
674 2574 801 2622 coniunx?

264 2647 313 2693 Olli
323 2647 406 2694 sedato
415 2646 540 2702 respondit
550 2645 620 2692 corde
631 2643 733 2690 Latinus
743 2663 748 2688 :

283 2715 354 2765 (404)
