1972 3164
346 164 368 202 P.
382 163 501 204 VERGILI
513 163 643 205 Minonis

155 260 185 307 ut
194 259 273 317 pelugi
282 276 355 317 rupes
365 276 454 318 magno
463 261 575 309 veniente
584 262 691 320 fregere,

157 343 218 384 quse
227 343 279 377 sese
288 328 373 376 multis
384 329 476 377 circum
485 329 634 378 latrantibus
644 329 716 379 undis

156 397 220 444 mole
229 399 297 445 tenet
305 416 312 454 ;
326 398 418 454 scopuli
427 397 571 454 nequiquam
580 401 606 446 et
616 415 717 456 spumea
725 399 812 449 circum

108 478 145 515 590
157 481 216 512 sexa
225 466 342 523 fremunt,
352 466 470 523 laterique
479 467 543 514 illisa
552 467 695 516 refunditur
704 469 769 527 ὼε.

157 535 249 583 Verum
256 534 296 581 ubi
306 534 375 582 nullu
382 535 455 582 detur
464 550 562 582 caecum
568 551 716 593 exsuperare
725 538 826 595 potestus

156 603 281 651 consilium
290 604 316 650 et
326 618 409 650 suevae
418 605 481 650 nutu
491 604 590 652 Iunonis
600 607 660 654 eunt
669 621 717 663 res,

156 671 236 719 multu
245 672 300 719 deos
310 687 428 728 aurasque
438 675 509 729 puter
518 675 625 721 testatus
634 673 720 722 inunee

157 740 320 799 ‘Frangimur
325 741 452 788 heufalis’
464 742 553 799 inquit‘
560 742 709 800 terimurque
716 744 826 800 procelle!

156 809 208 864 Ipsi
217 810 261 857 hus
271 810 388 866 secfflego
397 811 507 865 pendetis
517 810 634 868 sanguine
644 827 744 870 poenus,

157 892 171 924 ο
181 878 269 926 miseri.
300 878 342 936 Te,
354 879 444 937 Turne,
454 881 531 937 nefus,
542 882 567 928 te
576 879 648 927 triste
658 882 768 930 manebit

157 947 309 1004 supplicium,
315 947 423 1003 votisque
434 948 489 996 deos
499 948 644 996 venerabere
654 949 721 996 seris.

157 1017 222 1064 Nem
232 1016 291 1063 mihi
300 1020 373 1074 purte
382 1018 457 1074 quies,
467 1017 590 1072 omnisque
603 1016 629 1064 in
638 1016 722 1065 limme
732 1019 828 1074 portum

157 1085 242 1133 funere
251 1085 316 1134 felici
326 1087 430 1143 spolior!
461 1087 512 1134 Nec
522 1086 593 1143 plura
602 1086 699 1134 locutus

109 1157 146 1195 ⁶00
157 1156 248 1211 saepsit
257 1171 283 1203 se
293 1156 365 1203 tectis
375 1170 503 1212 rerumque
513 1155 610 1211 reliquit
620 1154 739 1203 hebenus.

185 1224 239 1271 Mos
249 1226 304 1272 erut
313 1225 432 1282 Hesperio
438 1226 464 1272 in
474 1223 554 1280 Latio,
563 1238 633 1278 quem
641 1223 755 1279 protinus
761 1223 830 1271 urbes

157 1292 267 1341 Albense
277 1294 372 1342 coluere
383 1309 487 1351 sacrum,
497 1308 563 1340 nunc
572 1291 680 1338 maxima
688 1307 774 1339 rerum

157 1362 236 1410 Romu
242 1363 308 1420 colit,
317 1379 371 1411 eum
382 1364 461 1420 prime.
470 1362 569 1410 movent
578 1361 604 1407 in
613 1360 707 1417 proelis
716 1361 839 1417 Mareu,-

157 1431 207 1479 sive
217 1432 286 1479 Getis
296 1432 387 1480 inferre
397 1447 472 1478 manu
480 1428 629 1478 lacrimabile
636 1429 729 1477 bellum

157 1501 310 1558 Hyrcanisve
320 1501 438 1548 Arabisve
448 1500 545 1556 purant,
556 1513 599 1545 seu
607 1497 709 1545 tendere
718 1497 751 1544 ed
760 1497 842 1546 Indoi

157 1570 326 1625 Auroramque
336 1571 403 1626 sequi
413 1568 564 1624 Parthosque
574 1581 701 1623 reposcere
711 1565 792 1623 signu.

158 1640 221 1686 Sunt
231 1638 341 1695 geminae
351 1639 407 1686 belli
416 1639 502 1696 portae
512 1635 555 1694 (sic
564 1635 661 1683 nomine
671 1635 768 1691 dicunt)

157 1708 272 1765 religione
283 1723 365 1755 sacrae
375 1709 401 1756 et
411 1707 476 1756 seevi
485 1706 614 1753 formidine
622 1703 713 1750 Martis
722 1722 729 1759 ;

158 1779 256 1826 centum
267 1776 332 1824 cerei
343 1777 459 1824 claudunt
469 1778 550 1825 vectes
561 1776 706 1828 aeterneque
715 1771 778 1819 ferri

109 1853 146 1890 610
157 1846 251 1903 robora,
262 1861 305 1893 nec
316 1846 396 1893 eustos
406 1846 502 1893 absistit
510 1844 593 1892 limine
602 1843 692 1889 Inuus:

157 1917 210 1974 hes,
221 1915 263 1961 ubi
273 1917 340 1961 certa
350 1914 418 1961 sedet
428 1914 539 1970 patribus
550 1909 671 1960 sententis
681 1924 789 1967 pugnus,

156 1987 208 2042 ipse
218 1983 337 2042 Quirinali
346 1984 431 2030 trabea
441 1984 568 2038 cinctuque
578 1979 671 2028 Gabino

157 2054 258 2111 insignis
268 2053 361 2100 reserat
371 2051 500 2098 stridentia
508 2050 593 2097 limina
603 2046 695 2104 consul,

157 2125 208 2182 ipse
218 2123 288 2170 vocet
299 2136 407 2178 pugnes;
421 2119 529 2174 sequitur
538 2120 592 2166 tum
600 2118 681 2164 cetere
690 2114 776 2172 pubes,

158 2207 275 2248 aereaque
285 2205 385 2237 assensu
395 2187 534 2243 conspirent
547 2201 637 2233 cornua
646 2199 728 2231 reuco.

159 2264 213 2310 Hoc
223 2264 248 2309 et
257 2263 311 2307 tum
322 2257 440 2306 Aeneadis
449 2255 552 2302 indicere
561 2254 627 2302 belle
634 2253 737 2300 Latinus

158 2347 225 2380 more
235 2329 365 2378 iubebatur
374 2326 503 2379 tristesque
513 2323 637 2370 recludere
646 2323 738 2377 portus.

158 2399 285 2448 Abstinuit
295 2397 363 2444 tectu
373 2398 451 2452 peter,
462 2406 607 2448 aversusque
617 2389 709 2445 refugit

158 2469 230 2516 foeda
239 2466 382 2522 ministeria,
392 2465 417 2511 et
427 2461 504 2509 caecis
514 2476 539 2507 ee
549 2458 655 2507 condidit
663 2456 765 2503 umbris.

206 2536 215 2585 (
224 2535 276 2584 286)
