1972 3164
448 304 470 343 P.
484 302 602 344 VERGILI
615 303 717 346 Menon
717 306 743 346 IS

221 416 246 442 ²0
258 402 283 450 et
293 402 402 450 teneram
412 399 443 448 ab
452 400 532 449 radice
542 400 631 460 ferens,
643 400 747 461 Silvano,
757 417 911 464 cupressum

258 472 328 527 dique
339 472 442 527 deaeque
452 486 542 529 omnes,
554 471 660 518 studium
670 472 756 528 quibus
765 487 825 519 arva
833 473 908 531 tueri,

259 541 344 596 quiquo
354 556 429 588 novas
439 540 504 587 alitis
514 555 562 586 non
572 539 622 587 ullo
632 540 721 588 semine
731 540 823 599 fruges,

259 609 344 665 quique
355 610 414 656 satis
424 608 520 668 largum
531 608 596 656 caelo
605 608 732 656 demittitis
742 609 858 668 imbrem;

258 680 332 734 tuque
342 679 408 735 adeo,
419 693 490 733 quem
499 692 555 723 mox
565 693 626 733 quae
636 677 685 723 sint
694 677 808 726 habitura
818 680 920 729 deorum

258 747 359 794 concilia
367 745 488 793 incertum
497 747 543 804 est,
553 745 657 792 urbasne
665 744 776 803 invisere,
787 747 887 806 Caesar,

257 819 425 870 terrarumque
435 815 494 862 velis
504 829 596 871 curam,
607 815 667 860 etta
677 813 796 861 maximus
806 814 871 863 orbis

257 885 380 931 auctorem
390 883 490 940 frugum
500 883 719 938 tempestatumque
729 884 854 938 potentem

257 952 360 1007 accipiat
371 951 468 1008 cingens
479 952 591 997 materna
600 951 711 1006 tempora
720 952 808 1008 myrto,

257 1036 289 1067 an
299 1020 357 1066 deus
367 1019 477 1066 immensi
486 1017 568 1065 venias
578 1018 652 1064 maris
662 1033 690 1065 ac
700 1019 745 1064 tua
752 1020 841 1066 nautae

221 1106 245 1141 30
256 1088 357 1134 numina
367 1087 417 1133 sola
428 1087 515 1143 colant,
527 1086 571 1132 tibi
581 1085 671 1133 serviat
681 1086 768 1133 ultima
781 1086 868 1144 Thule,

256 1158 327 1211 teque
338 1154 382 1201 sibi
390 1170 506 1210 generum
517 1154 608 1209 Tethys
618 1155 684 1200 emat
693 1154 803 1201 omnibus
813 1154 894 1212 undis,

256 1239 319 1270 anne
328 1238 417 1270 novum
427 1223 504 1269 tardis
515 1223 580 1269 sidus
590 1225 616 1269 te
625 1223 746 1270 mensibus
756 1223 840 1281 addas,

256 1307 304 1347 qua
313 1291 379 1338 locus
389 1291 518 1347 Erigonem
528 1291 593 1337 inter
603 1291 734 1346 Chelasque
745 1293 872 1346 sequentes

256 1360 386 1417 panditnr;
399 1360 450 1415 ipse
460 1359 505 1406 tibi
514 1359 563 1405 iam
572 1359 672 1406 brachia
682 1359 802 1406 contrahit
813 1360 902 1407 ardens

257 1429 369 1485 Scorpius
379 1430 405 1475 et
414 1426 474 1475 caeli
484 1427 548 1474 iusta
558 1427 612 1483 plus
623 1429 692 1483 parte
702 1427 833 1484 relinquit3

257 1497 370 1553 quidquid
380 1497 426 1544 eris
437 1497 502 1552 (nam
512 1498 537 1543 te
548 1512 591 1543 nec
602 1497 702 1552 sperant
713 1496 819 1543 Tartara
827 1511 920 1555 regem,

256 1582 301 1614 nee
310 1565 355 1612 tibi
364 1565 482 1622 regnandi
491 1564 574 1612 veniet
583 1566 635 1610 tam
645 1563 698 1611 dira
707 1564 802 1621 cupido,

257 1633 366 1690 quamvis
376 1632 470 1688 Elysios
480 1631 582 1678 miretur
592 1631 693 1679 Graecia
703 1645 800 1686 campos

256 1718 301 1749 nac
310 1702 415 1756 repetita
424 1700 490 1756 sequi
501 1702 569 1748 curet
579 1699 725 1755 Proserpina
733 1698 856 1756 matrem),

219 1789 245 1826 40
257 1770 288 1817 da
298 1770 393 1816 facilem
403 1785 500 1816 cursum
510 1770 582 1824 atque
593 1768 723 1820 audacibus
733 1783 812 1816 annue
822 1769 925 1828 coeptis,

256 1840 399 1897 ignarosque
408 1837 461 1885 viae
470 1853 564 1885 mecum
574 1838 702 1884 miseratus
711 1839 821 1895 agrestes

255 1907 391 1964 ingredere,
399 1908 424 1954 et
434 1906 496 1953 votis
506 1906 555 1953 iam
564 1922 629 1953 nunc
639 1921 749 1953 assuesce
758 1904 848 1953 vocari.

283 1975 347 2024 Vera
357 1991 419 2023 novo
428 1975 521 2032 gelidus
530 1975 597 2022 canis
607 1990 661 2022 cum
671 1973 794 2020 montibus
804 1989 875 2021 umor

255 2044 357 2100 liquitur
366 2046 391 2091 et
403 2045 510 2100 Zephyro
519 2044 598 2100 putris
609 2059 633 2090 se
643 2043 729 2099 glaeba
738 2042 846 2100 resolvit,

256 2113 368 2168 depresso
377 2112 477 2167 incipiat
485 2112 533 2158 iam
544 2114 598 2159 tum
607 2111 666 2158 mihi
675 2113 762 2157 taurus
771 2113 857 2158 aratro

255 2181 385 2238 ingemere,
396 2183 421 2228 et
431 2181 496 2228 sulco
506 2181 606 2227 attritus
617 2179 781 2235 splendescere
790 2193 883 2227 vomer.

255 2249 303 2295 llla
316 2264 382 2305 seges
393 2249 489 2296 demum
499 2249 562 2295 votis
572 2248 701 2305 respondet
711 2245 779 2294 avari

255 2317 382 2374 agricolae,
393 2316 429 2363 bis
439 2333 500 2372 quae
515 2317 598 2374 solem,
608 2317 645 2363 bis
654 2316 746 2372 frigora
756 2315 831 2363 sensit
840 2333 847 2371 ;

254 2385 319 2432 illius
329 2386 460 2432 immensae
469 2387 589 2440 ruperunt
598 2384 686 2432 horrea
695 2399 793 2431 messes.

219 2473 243 2510 50
254 2454 290 2500 At
299 2454 366 2509 prins
376 2454 487 2510 ignotum
497 2453 562 2500 terro
571 2468 643 2508 quam
654 2452 787 2500 scindimus
796 2466 894 2508 aequor,

254 2522 339 2568 ventos
349 2523 374 2568 at
384 2521 480 2568 varium
489 2520 550 2568 caeli
560 2521 710 2576 praediscere
721 2535 811 2568 morem

496 2618 521 2649 36.
542 2622 559 2647 a.
567 2611 581 2646 l.
590 2611 690 2654 ‘sperent’

303 2666 360 2716 (40)
