1972 3164
309 175 419 215 AENEIS.
445 176 476 214 xl

55 274 145 321 arduus
154 274 297 330 insurgens3
310 272 353 321 illa
363 273 429 321 haud
436 274 516 320 minus
525 275 598 330 urget
608 274 700 322 obunco

56 342 189 389 luctantem
198 343 286 397 rostro,
296 340 368 388 simul
377 341 478 388 aethera
484 342 598 389 verberat
607 341 652 388 alis
661 362 667 389 ι

56 410 122 457 haud
131 410 202 458 aliter
211 409 326 465 praedam
336 408 466 455 Tiburtum
476 424 506 455 ex
516 409 611 466 agmina
617 408 729 456 Tarchon

56 479 139 533 portat
148 492 230 524 ovans.
254 476 330 524 Ducis
337 477 474 532 exemplum
483 479 643 533 eventumque
653 475 730 523 secuti

56 545 197 592 Maeonidae
207 545 343 592 incurrunt.
373 544 437 591 Tum
446 544 506 591 fatis
515 545 610 592 debitus
619 544 716 591 Arruns

10 618 47 668 7⁶0
57 613 162 661 velocem
172 612 250 660 iaculo
259 615 284 660 et
294 613 373 660 multa
382 613 448 669 prior
456 614 510 660 arte
520 613 647 661 Camillam

57 681 143 730 circuit
153 682 186 737 et,
196 695 257 736 quae
267 681 299 728 sit
306 680 408 728 fortuna
417 681 541 738 facillima,
551 682 665 737 temptat.

57 750 108 806 Qua
118 764 143 797 sa
153 764 253 804 cumque
262 749 347 796 furens
356 748 434 796 medio
443 749 501 796 tulit
509 750 604 807 agmine
613 750 691 807 virgo,

56 817 102 864 hac
111 817 207 864 Arruns
216 816 282 864 subit
291 818 317 864 et
325 817 416 864 tacitus
425 817 528 874 vestigia
536 819 627 865 lustrat
638 837 644 865 ε

56 900 104 940 qua
113 885 201 931 victrix
210 885 273 932 redit
281 885 325 932 illa
334 885 465 941 pedemque
474 901 504 932 ex
513 887 582 933 hoste
591 886 709 942 reportat,

56 953 102 1001 hac
110 953 203 1000 iuvenis
212 953 299 1000 furtim
309 953 397 1001 celeres
407 954 534 1009 detorquet
543 954 657 1002 habenae.

57 1020 109 1067 Hos
119 1022 200 1068 aditus
209 1021 304 1077 iamque
313 1021 358 1068 hos
368 1021 450 1068 aditus
459 1036 600 1077 omnemque
610 1022 721 1077 pererrat

56 1089 161 1145 undique
185 1089 313 1137 circuitum
336 1090 362 1136 et
384 1091 477 1137 certam
501 1089 581 1144 quatit
607 1087 730 1143 improbus

113 1157 216 1204 hastam.

57 1225 131 1271 Forte
141 1240 208 1271 sacer
218 1223 320 1279 Cybelae
331 1225 448 1272 Chloreus
458 1223 562 1279 olimque
571 1225 681 1271 sacerdos

57 1293 158 1348 insignis
168 1291 238 1348 longe
248 1292 361 1348 Phrygiis
370 1290 482 1349 fulgebat
492 1291 518 1337 in
528 1291 610 1348 armis,

10 1380 47 1417 770
58 1361 257 1416 spumantemque
267 1359 377 1415 agitabat
387 1374 483 1414 equum,
494 1373 564 1413 quem
574 1358 643 1414 pele
652 1360 718 1406 ainis

57 1429 84 1476 in
94 1429 202 1484 plumam
211 1427 317 1483 squamis
327 1441 387 1473 auro
397 1428 508 1474 conserta
517 1426 622 1483 tegebat.

58 1496 123 1553 Ipse,
134 1496 261 1552 peregrina
270 1495 395 1550 ferrugine
405 1494 485 1541 clarus
495 1496 520 1541 et
529 1496 603 1551 ostro,

58 1564 151 1620 spicula
160 1562 289 1619 torquebat
299 1561 374 1618 Lycio
384 1561 503 1618 Gortynia
512 1577 601 1619 cornu;

57 1647 145 1679 aureus
155 1647 185 1679 ex
194 1631 284 1678 umeris
295 1631 348 1677 erat
358 1645 429 1678 arcus
438 1630 464 1676 et
473 1645 547 1676 aurea
556 1630 607 1678 vati

58 1700 165 1757 cassida3
196 1700 250 1745 tum
269 1713 378 1745 croceam
400 1697 595 1755 chlamydemque
620 1697 733 1756 sinusque

114 1769 240 1823 crepantes

59 1836 183 1885 carbaseos
193 1835 260 1883 fulvo
269 1836 296 1882 in
305 1835 394 1882 nodum
404 1834 533 1891 collegerat
543 1850 611 1893 auro,

58 1905 137 1961 pictus
147 1920 193 1951 acu
202 1903 296 1950 tunicas
307 1905 331 1950 et
340 1902 445 1950 barbara
454 1904 562 1959 tegmina
569 1919 674 1950 crurum.

59 1973 133 2020 Hunc
142 1973 218 2029 virgo,
230 1973 279 2019 sive
290 1974 319 2018 ut
329 1971 425 2026 templis
435 1971 580 2026 praefigeret
589 1985 658 2016 arma

60 2041 141 2097 Troia,
153 2040 247 2095 captivo
257 2040 306 2086 sive
316 2040 344 2085 ut
355 2053 380 2085 se
390 2038 467 2084 ferret
475 2037 502 2083 in
511 2052 579 2093 auro,

11 2112 49 2158 780
59 2109 171 2156 venatrix
180 2124 256 2155 unum
266 2123 295 2154 ex
305 2106 370 2153 omni
380 2104 510 2152 certamine
520 2119 615 2159 pugnae

60 2192 131 2224 caeca
140 2175 292 2232 sequebatur,
303 2174 429 2227 totumque
438 2172 538 2218 incauta
547 2186 591 2225 per
600 2185 687 2227 agmen

60 2245 163 2291 femineo
172 2244 276 2300 praedae
287 2243 312 2287 ct
322 2239 453 2295 spoliorum
463 2238 564 2285 ardebat
574 2253 663 2294 amore,

59 2312 136 2359 telum
146 2327 176 2359 cx
184 2311 277 2357 insidiis
287 2324 342 2357 curn
352 2306 451 2353 tandem
461 2307 569 2361 tempore
579 2306 650 2360 capto

60 2381 166 2429 concitat
175 2381 200 2427 et
210 2393 308 2435 superos
318 2377 414 2423 Arruns
424 2374 458 2421 sic
468 2389 525 2422 voce
534 2374 648 2430 precatur
658 2393 663 2420 :

305 2470 341 2505 'na
362 2479 379 2504 a.
387 2468 401 2503 l.
409 2468 487 2504 ‘sonat'

109 2525 116 2573 (
126 2538 161 2575 399
170 2526 178 2572 )
