1972 3164
430 175 452 214 Ρ.
465 174 584 215 VRRGILI
598 175 726 217 MARONIS

237 269 347 326 proxima
356 285 417 327 quae
425 271 503 319 nostri
512 273 668 329 pertunditur
674 271 783 329 aequoris
793 277 871 334 aestu,

237 339 332 396 effuge:
347 341 436 388 cunata
445 340 514 387 malis
524 340 667 387 habitantur
677 342 771 389 moenia
781 340 870 392 Graiis.

238 407 287 455 Hie
296 409 322 456 et
332 408 432 465 Narycii
441 410 573 464 posuerunt
582 409 676 457 moenia
685 410 764 468 Locri,

188 493 227 531 400
237 476 264 522 st
274 475 419 524 Sallentinos
429 476 521 524 obsedit
530 477 606 524 milite
616 493 713 534 campos

238 544 338 600 Lyctius
348 545 497 602 Idomeneus,
508 544 547 593 hio
556 545 599 593 illa
608 547 675 594 dnois
685 545 797 594 Meliboei

236 627 314 668 parva
319 613 468 660 Philoctetae
477 612 580 661 subnixa
589 614 683 662 Petelia
691 630 769 662 muro.

238 680 302 737 Quin
327 681 370 728 nbi
395 682 553 730 transmissae
579 683 692 731 steterint
716 684 786 732 mans
810 697 915 741 aequora

294 749 389 808 classes,

236 818 262 864 et
272 817 356 873 positis
366 818 415 865 aris
424 818 473 866 iam
483 820 541 866 vota
549 819 576 866 in
585 819 656 868 litore
665 820 751 878 solves,

237 900 358 942 purpureo
367 887 447 934 velare
458 902 538 935 oomas
547 888 677 944 adopertus
687 889 787 947 amictu,

236 968 267 1001 ne
277 969 325 1010 qua
333 954 399 1002 inter
410 956 507 1003 sanctos
517 956 584 1012 ignes
593 956 619 1003 in
630 957 719 1005 honore
729 958 829 1006 deorum

235 1021 330 1070 hostilis
340 1022 415 1071 iaoies
425 1026 539 1072 occurrat
548 1025 574 1071 et
582 1025 663 1072 omina
671 1025 763 1073 turbet.

237 1091 311 1139 Hune
320 1091 377 1139 socii
389 1107 481 1139 morem
491 1107 621 1150 soenorum,
632 1093 697 1140 huno
706 1093 757 1149 ipse
765 1094 857 1152 teneto,

235 1157 283 1207 hae
296 1160 357 1208 casti
366 1162 482 1208 maneant
489 1160 516 1207 in
525 1160 641 1217 religione
650 1163 757 1217 nepotes.

187 1240 225 1278 ⁴10
237 1227 284 1274 Ast
293 1228 336 1275 ubi
345 1229 478 1286 digressum
489 1229 583 1276 Siculae
592 1230 617 1276 te
627 1228 760 1276 admoverit
769 1244 826 1278 orae

236 1298 332 1354 ventus,
343 1299 368 1345 et
378 1297 476 1354 angusti
485 1298 608 1344 raresoent
618 1296 726 1344 claustra
735 1297 823 1354 Pelori,

234 1363 306 1412 laeva
313 1364 359 1412 tibi
368 1365 441 1413 tellus
450 1367 476 1413 et
485 1365 557 1422 longo
565 1365 635 1413 laeva
643 1367 760 1421 petantur

235 1447 340 1490 oequora
349 1433 460 1490 eirouitu,
471 1433 584 1481 dextrum
594 1433 651 1490 fuge
661 1433 720 1480 litus
729 1434 756 1480 et
764 1433 852 1482 undas.

236 1502 305 1550 Haeo
314 1502 368 1549 looa
377 1502 401 1548 vi
411 1502 532 1558 quondam
541 1503 566 1549 et
576 1503 648 1548 vasta
656 1501 771 1549 oonvulsa
780 1503 852 1549 ruina

235 1569 342 1626 (tantum
353 1569 406 1616 aevi
414 1569 547 1626 longinqua
555 1569 621 1616 valet
631 1571 727 1617 mutare
737 1570 857 1626 vetustas)

234 1637 365 1684 dissiluisse
374 1637 466 1693 ferunt,
477 1653 532 1684 cum
545 1637 655 1697 protinus
665 1640 769 1693 utraque
777 1638 852 1686 tellus

233 1720 284 1752 una
293 1704 371 1753 foret:
386 1706 453 1753 venit
462 1706 541 1753 medio
550 1706 574 1753 vi
584 1707 672 1762 pontus
681 1707 707 1753 et
716 1706 787 1754 undis

235 1772 381 1829 Hesperium
392 1773 472 1821 Siculo
481 1774 547 1821 latus
557 1774 668 1831 abscidit,
678 1789 785 1831 arvaque
795 1775 821 1822 et
830 1774 904 1822 urbes

233 1839 304 1888 litore
315 1840 426 1889 diduotas
435 1844 540 1898 angusto
549 1842 661 1890 interluit
670 1844 749 1890 aestu.

185 1929 223 1965 420
235 1908 356 1956 Dextrum
367 1909 447 1964 Scylla
453 1909 527 1967 latus,
535 1910 631 1958 laevum
638 1909 769 1966 implaoata
778 1909 914 1966 Charybdis

234 1975 335 2034 obsidet,
346 1978 418 2032 etque
428 1976 477 2025 imo
486 1977 597 2024 barathri
606 1980 646 2025 ter
654 1977 752 2036 gurgite
761 1980 844 2025 vastos

234 2044 316 2092 sorbet
325 2045 351 2091 in
361 2045 494 2101 abruptum
504 2044 601 2102 fluetus,
612 2059 743 2101 rursusque
753 2045 881 2093 sabamae

233 2113 306 2170 erigit
316 2114 423 2162 alternos
436 2116 462 2162 et
472 2114 552 2162 sidera
560 2114 674 2162 verberat
683 2115 757 2162 unda.

233 2181 269 2229 At
279 2182 384 2237 Scyllam
395 2182 471 2230 caeeis
482 2181 576 2229 cohibet
586 2182 702 2238 spelunea
710 2182 819 2239 latebris,

233 2264 277 2297 ora
287 2251 448 2298 exsertantem
459 2252 483 2296 et
493 2265 567 2296 naves
576 2250 602 2296 in
612 2265 672 2297 saxa
680 2250 828 2297 trahentem.

233 2317 318 2366 Prima
327 2318 430 2365 hominis
439 2317 513 2365 facies
523 2319 548 2364 et
558 2318 660 2374 pulchro
670 2321 767 2374 pectore
776 2319 846 2375 virgo

233 2385 296 2441 pube
306 2387 386 2444 tenus,
397 2387 518 2443 postrema
527 2385 628 2433 immani
638 2401 737 2442 oorpore
747 2386 837 2443 pistrix

233 2453 373 2510 delphinum
384 2455 472 2503 oaudas
482 2456 552 2502 utero
562 2454 689 2503 commissa
698 2455 819 2511 luporum.

281 2523 290 2570 (
300 2522 352 2572 17⁶)
