1972 3164
311 180 421 222 AENEIS.
447 182 491 221 Vll

56 276 203 326 convectare
211 275 280 324 iuvat
290 279 390 333 praedas
400 279 425 326 et
434 279 515 326 vivere
524 280 603 335 rapto.

10 363 49 404 ις,
90 343 156 401 Quin
166 344 192 392 et
201 344 327 393 Marruvia
337 345 404 393 venit
414 345 526 403 degente
536 346 656 405 sacerdos,

57 412 149 461 fronde
158 427 232 469 super
241 413 336 472 galeam
346 415 371 462 et
380 413 446 462 felici
455 416 566 471 comptus
576 415 649 473 oliva,

58 480 181 538 Archippi
189 481 253 541 regis
263 482 345 540 missu,
355 481 502 530 fortissimus
513 483 615 541 Umbro,

57 550 158 607 vipereo
166 550 249 608 generi
257 551 283 599 et
292 551 401 608 moriter
410 552 558 609 spirantibus
564 552 647 610 hydris

57 633 176 676 spargere
185 619 226 675 qui
235 633 330 666 somnos
341 621 461 675 cantuque
471 635 591 675 manuque
601 621 704 679 solebat,

58 687 230 744 mulcebamus
239 687 288 734 iras
298 688 323 734 et
333 702 427 734 morsus
436 690 490 737 arte
499 688 604 736 levabat.

59 756 110 805 Sed
119 771 169 803 non
178 756 318 804 Dardaniae
327 756 443 804 medicari
452 757 556 813 cuspidis
566 758 642 805 ictum

57 824 161 890 evaluit,
170 840 247 881 neque
256 840 312 873 eum
322 824 404 872 iuvere
414 824 441 872 in
450 825 552 873 vulnera
561 828 648 874 cantus

58 892 186 942 somniferi
194 893 220 940 et
229 892 319 940 Marsis
329 892 452 949 quaesitae
460 893 582 940 montibus
594 895 691 942 herbae.

58 960 96 1009 Te
106 976 190 1009 nemus
199 961 322 1019 Angitiae,
333 960 412 1008 vitrea
420 963 445 1010 te
455 961 562 1009 Fucinus
572 963 647 1020 unda,

10 1035 49 1084 7⁶⁰
58 1030 85 1078 te
94 1029 180 1086 liquidi
188 1030 274 1078 flevere
283 1030 359 1078 lacus.

88 1099 146 1146 Ibat
155 1099 180 1146 et
190 1098 318 1155 Hippolyti
327 1098 406 1155 proles
416 1097 579 1155 pulcherrima
587 1098 658 1157 bello,

57 1166 168 1224 Virbius,
178 1166 297 1224 insignem
311 1181 382 1222 quem
392 1169 471 1213 mater
480 1167 564 1214 Aricia
572 1167 648 1224 misit,

57 1235 175 1284 eductum
184 1235 286 1293 Egeriam
296 1234 356 1283 lueis
366 1235 475 1282 umentia
485 1235 576 1283 circum

57 1303 141 1361 litora,
151 1303 247 1361 pinguis
256 1303 298 1351 ubi
307 1304 332 1350 et
341 1303 466 1360 placabilis
476 1318 520 1350 ara
529 1303 632 1351 Dianae.

57 1371 175 1428 Namque
184 1370 268 1420 ferunt
281 1372 349 1420 tama
362 1371 532 1428 Hippolytum,
548 1373 675 1428 postquam
684 1375 738 1421 arte

114 1455 232 1488 novercae

56 1506 174 1556 occiderit
183 1508 321 1565 patriasque
330 1507 434 1565 explerit
444 1507 561 1564 sanguine
571 1523 661 1565 poenas

56 1575 166 1624 turbatis
176 1577 308 1625 distractus
317 1576 393 1635 equis,
403 1577 435 1624 ad
445 1577 525 1624 sidera
534 1593 619 1624 rursus

56 1645 169 1694 aetheria
177 1647 202 1694 et
212 1660 311 1702 superas
321 1645 382 1693 caeli
391 1646 484 1694 venisse
494 1646 539 1693 sub
548 1661 630 1704 auras,

58 1714 172 1763 Paeoniis
180 1715 320 1762 revocatum
332 1713 412 1761 herbis
422 1715 447 1762 et
457 1730 538 1762 amore
547 1715 650 1763 Dianae.

10 1801 48 1840 770
59 1785 125 1832 Tum
144 1784 221 1831 Pater
239 1781 399 1840 omnipotens,
419 1783 523 1839 aliquem
542 1784 683 1840 indignatus
705 1784 736 1832 ab

116 1851 208 1898 umbris

58 1919 186 1967 mortalem
195 1919 297 1967 infernis
306 1919 338 1968 ad
347 1918 440 1967 lumina
449 1935 548 1977 surgere
557 1920 632 1979 vitae,

57 1987 110 2046 ipse
119 1989 268 2045 repertorem
278 1988 410 2036 medicinae
420 1989 477 2036 talis
486 1991 512 2036 et
521 1990 582 2036 artis

57 2056 161 2104 fulmine
172 2055 348 2113 Phoebigenam
358 2056 456 2113 Stygias
466 2057 570 2104 detrusit
580 2057 612 2104 ed
620 2057 706 2104 undas.

57 2126 94 2173 At
104 2124 187 2172 Trivia
196 2124 359 2182 Hippolytum
368 2125 466 2172 secretis
476 2125 541 2172 alma
550 2125 660 2172 recondit

57 2193 163 2250 sedibus,
174 2195 199 2240 et
209 2192 338 2250 Nymphae
345 2191 448 2249 Egeriae
457 2192 595 2248 nemorique
605 2192 707 2250 relegat,

57 2263 124 2312 solus
133 2262 176 2310 ubi
184 2262 210 2309 in
220 2262 286 2310 silvis
295 2261 366 2309 Italis
375 2260 486 2318 ignobilis
496 2277 583 2309 aevum

57 2331 166 2388 exigeret
176 2345 289 2386 versoque
299 2330 341 2377 ubi
350 2329 447 2376 nomine
457 2329 556 2376 Virbius
566 2329 637 2376 esset.

58 2400 132 2449 Unde
141 2399 216 2447 etiam
225 2398 316 2455 templo
325 2397 421 2445 lhlviae
431 2396 537 2452 lucisque
549 2396 651 2444 sacratis

59 2467 199 2524 cornipedes
208 2469 323 2516 areentur
333 2465 397 2524 equi,
408 2465 472 2522 quod
481 2463 552 2513 litore
561 2480 660 2512 currum

107 2537 116 2585 (
125 2550 159 2587 291
170 2536 178 2584 )
379 2545 394 2574 K
403 2549 414 2574 2
