1972 3164
362 189 383 228 P.
397 187 517 228 VERGILI
530 188 660 230 MARONIS

170 286 228 334 Huc
236 301 288 334 sese
297 287 395 343 trepide
404 287 500 335 Aeneue
510 287 628 344 fugientis
637 287 720 345 imago

170 354 266 402 coniicit
276 355 302 401 in
310 354 432 412 latebram
445 369 491 402 nec
500 354 600 401 Turnus
610 354 707 411 segnior
716 354 804 413 instet,

170 424 346 479 exsuperatque
356 438 443 480 mores,
454 424 480 470 et
489 424 575 478 pontes
585 422 695 469 transilit
704 423 778 470 altos.

171 490 220 538 vu
229 506 326 547 prorem
336 492 453 546 attigerat
463 511 469 538 ε
483 490 577 546 rumpit
587 489 706 537 Saturnis
715 491 811 547 funem,

123 567 162 605 660
171 559 328 614 evulsemque
337 559 405 614 repit
414 558 526 606 revolute
534 573 579 615 per
588 573 695 614 sequere
705 574 803 608 navem.

171 627 245 674 Illum
256 628 339 674 eutem
349 628 446 675 Aeneas
456 627 581 675 absentem
590 627 617 674 iu
625 627 720 684 proelis
729 629 809 686 poscit
816 649 824 687 ;

171 695 242 743 obvie
252 696 331 743 multe
339 696 420 742 virum
431 695 540 743 demittit
549 710 651 751 corpora
661 696 737 744 morti
747 717 753 744 z

172 763 235 810 Tum
244 763 303 811 levis
312 763 379 811 lieud
389 763 456 810 ultus
464 762 573 810 latebras
582 763 632 810 iem
642 765 739 820 quaerit
748 764 838 824 imago,

171 831 214 878 sed
223 832 325 879 sublime
334 831 419 879 volens
428 831 488 879 nubi
497 847 523 879 se
532 831 665 879 immiscuit
674 834 745 880 strae
754 854 760 880 ε

171 915 227 946 cum
237 900 348 946 Turnum
358 900 437 947 medio
445 900 542 947 interes
550 900 601 947 fert
611 915 714 956 aequore
723 901 807 949 turbo.

171 967 280 1023 Respicit
288 968 388 1024 ignarus
398 983 480 1015 rerum
490 969 650 1025 ingratusque
659 968 756 1027 salutis,

171 1037 197 1082 et
206 1035 313 1092 duplices
323 1051 379 1084 cum
389 1051 449 1084 voce
457 1051 545 1083 manus
554 1037 586 1083 sd
596 1036 676 1083 sidere
684 1038 775 1086 tendit.
813 1028 820 1037 ’

172 1103 344 1160 ‘Omnipotens
355 1104 464 1161 Genitor,
474 1104 576 1152 tanten’
588 1119 626 1151 mc
637 1104 739 1152 crimine
749 1107 850 1164 dignum

172 1173 263 1219 duxisti
272 1173 297 1219 et
306 1171 368 1219 tales
377 1171 477 1220 voluisti
486 1172 622 1228 expendere
631 1176 739 1228 poenus?

123 1253 218 1300 670qu0
228 1240 309 1288 teror?
328 1240 392 1287 unde
402 1241 468 1289 ebiit
488 1256 549 1297 quse
566 1255 604 1288 me
621 1241 682 1298 fuge
698 1256 800 1297 quemve
816 1258 851 1289 re-

228 1308 313 1356 ducit?

172 1377 336 1424 Ieureutesue
346 1377 435 1424 iterum
446 1392 528 1425 muros
538 1378 583 1425 sut
592 1379 675 1426 cestre
684 1377 787 1426 videbo?

172 1445 235 1502 Quid
241 1461 328 1492 munus
336 1445 380 1492 ills
386 1446 476 1503 virum,
483 1446 525 1501 qui
531 1461 569 1493 me
577 1461 677 1501 meaque
684 1461 753 1493 arms
760 1447 850 1494 secuti?

171 1529 261 1570 quosue
271 1514 357 1570 (nefus)
367 1529 449 1561 omues
458 1514 561 1561 intende
569 1514 596 1560 in
606 1516 685 1561 morte
693 1514 789 1572 reliqui,

171 1583 197 1630 et
206 1598 271 1630 nunc
281 1581 392 1638 palantes
401 1583 478 1640 video,
488 1583 654 1639 gemitumque
663 1581 795 1630 cedentum

171 1651 278 1706 accipio?
315 1649 379 1706 Quid
401 1651 465 1707 ago?
502 1649 555 1696 Aut
575 1664 635 1705 quse
653 1649 703 1696 ism
722 1650 783 1697 setis
802 1650 852 1699 ima

228 1718 336 1764 dehiscet

170 1786 238 1832 terra
247 1785 322 1832 mihi?
350 1786 401 1834 Vos
411 1802 425 1834 ο
435 1785 516 1842 potius
527 1785 682 1843 miserescite,
693 1787 762 1834 venti

170 1854 197 1900 in
205 1869 286 1910 rupes,
297 1852 323 1900 in
333 1869 392 1902 sune
402 1853 493 1910 (volens
503 1869 546 1902 vos
556 1854 655 1900 Turnus
665 1855 748 1910 edero)

171 1922 235 1970 terte
244 1923 331 1979 retem,
343 1923 467 1979 saevisque
477 1923 545 1969 vedis
554 1921 680 1969 immittite
690 1923 773 1980 syrtis,

172 2005 220 2046 quo
228 2005 304 2046 neque
314 2006 353 2038 mc
362 1991 451 2038 Rutuli
460 2006 504 2038 nec
514 1991 610 2038 conscie
619 1991 686 2038 ieme
695 1993 829 2047 sequatur!

124 2063 162 2100 680
172 2059 241 2108 Hsee
260 2074 395 2109 memorans
411 2059 493 2107 snimo
509 2075 574 2107 nunc
591 2059 647 2115 huc,
663 2075 729 2107 nunc
745 2059 850 2108 fluctuet

227 2129 295 2186 illuc,

171 2212 204 2243 uu
214 2212 267 2244 sese
277 2211 390 2244 mucrone
400 2195 431 2243 ob
441 2196 540 2243 tentum
550 2195 653 2243 dedecus
663 2212 746 2243 amens

169 2264 268 2324 induat,
278 2268 304 2313 ct
313 2266 414 2313 crudum
425 2280 469 2321 per
479 2267 559 2312 costas
568 2265 651 2321 exigat
660 2279 751 2321 ensem,

171 2333 285 2382 fluctibus
294 2351 327 2382 au
335 2335 408 2381 iaciat
416 2334 508 2390 mediis,
519 2336 545 2381 et
554 2334 628 2381 litere
637 2333 718 2380 nando

171 2417 246 2451 curve
256 2405 332 2460 petet,
338 2403 504 2458 Teucrumque
513 2402 602 2449 iterum
608 2416 634 2448 se
640 2402 728 2448 reddat
737 2401 763 2447 in
771 2417 848 2449 erma.

173 2471 222 2518 Ter
232 2473 334 2518 conatus
343 2472 472 2527 utramque
482 2470 555 2528 viem,
566 2472 606 2518 ter
615 2470 721 2518 maxima
731 2470 794 2516 Iuno

219 2539 227 2587 (
237 2541 272 2588 366
282 2540 290 2586 >
