1972 3164
365 195 387 233 P.
401 191 520 234 vasum
533 190 667 230 Manoms

174 297 252 344 inscia
261 294 450 353 quandoquidem
460 291 537 339 scelus
547 306 572 337 es
582 292 675 337 <mnata
683 291 830 339 nefandum.

177 365 214 412 eiu
224 363 335 419 estquod
345 364 435 417 metuo,
445 376 488 416 per
498 362 531 416 te,
542 374 597 405 mea
607 358 722 417 alumna,
733 362 852 416 tuumque

177 434 306 488 emortum
316 429 399 476 multis
410 429 511 475 miserae
520 427 579 473 mihi
590 427 665 473 rebus
677 443 799 485 amorem,

179 500 279 556 perdere
290 513 361 545 saeva
370 513 455 553 precor
464 512 507 552 per
516 494 618 541 flumina
628 497 654 542 te
665 495 796 553 Ilithyiae,

178 569 316 615 natantum
326 568 351 612 in
361 565 455 612 facinus
465 566 516 610 tam
526 563 596 609 nulla
605 565 692 611 mente
702 565 802 612 feraris.

178 650 228 682 non
238 650 283 691 ego
292 637 317 681 te
326 635 424 688 incepto
434 633 494 690 (fieri
504 631 568 687 quod
577 646 628 678 non
638 633 709 687 pote)
720 648 797 680 eonor

179 702 275 750 flectere
284 717 374 758 amore,
385 716 460 756 neque
475 702 512 748 est
528 715 583 747 cum
593 699 632 747 dis
646 701 800 748 contendere
813 716 865 748 nos·

235 773 302 816 trum
310 789 316 825 3

132 858 168 893 330
180 838 222 885 sed
232 838 309 893 patris
319 837 434 884 ineolumi
443 835 523 891 potius
533 834 654 882 denubere
665 851 746 893 regno

180 908 252 962 atque
258 905 350 960 aliquos
357 907 440 951 tamen
448 919 499 951 esse
506 903 625 960 velistibi,
632 903 745 962 alumna,
752 908 864 962 penates.

180 975 225 1022 hoc
235 989 311 1021 unum
320 973 393 1021 exitio
403 973 474 1019 docta
483 974 556 1027 atque
565 973 668 1027 experta
678 973 795 1022 monebo.

180 1043 244 1099 quod
254 1043 275 1089 si
284 1058 333 1089 non
342 1042 391 1088 alia
400 1041 489 1097 poteris
498 1041 593 1087 ratione
603 1043 735 1096 parentem

181 1111 277 1158 flectere
288 1111 338 1166 (sed
348 1110 451 1166 poteris;
465 1108 522 1163 quid
532 1108 594 1155 enim
604 1123 655 1154 non
664 1109 742 1157 unica
751 1109 832 1165 possis
838 1109 864 1166 Ρ),

180 1181 211 1226 tu
220 1179 300 1235 potius
309 1180 392 1225 tamen
401 1178 457 1234 ista,
467 1177 507 1232 pio
517 1191 571 1223 cum
580 1175 634 1223 iure
643 1175 738 1234 licebit,

181 1263 237 1295 eum
246 1247 307 1294 faeti
316 1261 413 1293 causam
423 1246 565 1300 tempusque
575 1243 663 1291 doloris
673 1244 787 1302 habebis,

181 1317 241 1362 tune
251 1315 332 1370 potius
343 1316 430 1361 conata
439 1315 483 1359 tna
493 1315 566 1368 atque
576 1313 675 1368 incepta
685 1313 798 1370 refert03

181 1398 265 1439 meque
275 1384 377 1438 deosque
386 1382 432 1428 tibi
441 1381 546 1437 comites,
557 1396 612 1428 mea
621 1381 732 1439 alumna,
743 1383 845 1431 futuros

182 1452 296 1508 polliceor
305 1472 310 1499 :
326 1450 387 1497 nihil
397 1452 441 1507 est,
452 1449 514 1505 quod
523 1449 616 1496 texitur
626 1449 720 1508 ordine,
732 1450 855 1509 longum!

134 1531 171 1568 34⁰
211 1519 258 1566 His
268 1519 309 1565 ubi
319 1519 432 1566 sollicitos
442 1517 517 1565 animi
526 1517 677 1565 relevaverat
687 1521 773 1567 aestus

182 1588 278 1634 vocibus
288 1588 314 1634 et
323 1586 413 1634 blanda
422 1587 506 1642 pectus
516 1601 557 1642 spe
566 1587 658 1633 vicerat
667 1602 782 1644 aegrum,

183 1656 310 1712 paullatim
321 1654 481 1702 tremebunda
489 1654 557 1710 genis
567 1654 685 1701 obducere
696 1657 793 1702 vestem

182 1724 282 1778 virginis
293 1724 318 1769 et
328 1722 448 1778 placidam
457 1722 563 1769 tenebris
573 1725 801 1781 epimenidem,

182 1791 277 1837 inverso
286 1790 394 1836 bibulum
404 1791 557 1847 restinguens
567 1791 648 1838 lumen
658 1791 731 1848 olivo,

183 1859 276 1914 incipit,
288 1858 319 1904 ad
330 1857 469 1915 crebrosque
478 1859 558 1906 insani
568 1860 671 1914 pectoris
680 1859 746 1908 ictus

182 1928 246 1974 ferre
253 1941 359 1981 manum,
370 1927 477 1974 adsiduis
487 1927 594 1974 mulcens
603 1929 744 1982 praecordia
754 1931 854 1984 palmis.

183 1999 277 2044 noctem
287 1995 355 2042 illam
365 1994 399 2042 sie
408 1998 503 2042 maesta
512 2011 584 2051 super
593 1996 721 2042 morientis
731 1997 851 2046 alumnae

183 2065 310 2122 frigidulos
321 2064 401 2112 cubito
412 2064 514 2111 subnixa
524 2065 638 2119 pependit
648 2065 746 2112 ocellos.

183 2137 280 2189 postera
290 2134 332 2179 lux
342 2133 382 2178 ubi
392 2133 457 2179 laeta
467 2133 529 2179 diem
539 2132 680 2179 mortalibus
691 2134 795 2190 almam,

135 2210 172 2245 350
184 2203 208 2247 et
218 2202 297 2257 gelida
307 2201 433 2256 (venientis
443 2201 516 2256 enim)
526 2200 650 2255 quatiebat
660 2199 691 2246 ab
702 2201 767 2248 Oeta

184 2284 253 2324 quem
264 2269 365 2324 pavidae
375 2267 475 2314 alternis
487 2269 596 2324 fugitant
605 2270 739 2324 optantque
749 2272 850 2324 puellae

184 2337 340 2392 (Hesperium
350 2337 439 2393 vitant,
451 2339 537 2391 optant
547 2338 672 2384 ardescere
683 2337 785 2395 Eoum),

183 2407 317 2460 praeceptis
328 2408 397 2461 paret
407 2406 475 2461 virgo
485 2406 587 2453 nutricis
598 2409 622 2453 et
632 2421 716 2453 omnes

182 2472 415 2588 und(iq1618e)conquirit
425 2474 530 2521 nubendi
540 2474 623 2521 sedula
633 2489 727 2522 causas.
802 2488 806 2493 '

247 2554 259 2589 4
