1972 3164
453 151 475 187 P.
489 150 609 193 VERGILI
622 150 751 192 MARONIS

263 245 328 292 mille
336 245 409 303 viros,
420 246 516 303 dignus,
527 249 613 303 patriis
623 249 664 304 qni
673 249 761 296 laetior
769 251 835 298 esset

261 313 368 369 imperiis
378 316 403 362 et
413 316 452 362 eui
461 319 531 371 pater
541 317 607 364 haud
616 317 754 364 Mezentius
763 320 838 366 esset.

292 383 351 429 Post
360 382 405 430 hos
414 383 535 440 insignem
545 385 627 440 palma
634 400 677 441 per
685 386 801 442 gramina
811 403 913 436 cunum

264 451 412 506 victoresque
422 454 530 500 ostentat
540 468 612 508 equos
622 455 690 500 satus
700 455 810 502 Hercule
819 456 925 511 pulchro

264 519 364 575 pulcher
372 521 518 577 Aventinus,
529 521 650 577 clipeoque
660 522 755 580 insigne
765 526 900 580 paternum

264 590 361 635 centum
379 604 470 647 angues
487 589 638 645 cinctamque
653 590 718 646 gerit
733 592 891 647 serpentibus
904 593 945 650 hy·

320 657 403 712 dram;

264 725 331 772 collis
342 725 458 772 Aventini
468 726 529 774 silva
538 742 609 782 quem
619 727 690 776 Rhea
699 729 813 777 sacerdos

217 804 254 841 660
264 793 384 840 furtivum
394 795 469 849 partu
478 795 522 842 snb
532 795 630 842 luminis
640 797 716 843 edidit
725 812 791 855 oras,

265 862 343 909 mixta
352 862 395 910 deo
404 862 499 919 mulier,
510 864 639 919 postquam
649 865 784 912 Laurentia
793 866 874 914 vietor

266 931 375 987 Geryone
385 931 505 978 exstincto
515 931 658 988 Tirynthius
668 933 754 992 attigit
764 949 834 992 arva,

268 999 442 1055 Tyrrhenoque
451 999 524 1048 boves
533 1000 560 1047 in
569 1000 668 1048 flumine
677 1001 739 1049 lavit
748 1002 866 1051 Hiberas,

264 1068 320 1115 Pila
329 1083 403 1115 manu
413 1083 543 1124 saevosque
552 1071 640 1125 gerunt
649 1069 675 1117 in
684 1069 750 1117 bella
760 1070 869 1129 dolones,

265 1140 290 1185 et
300 1137 373 1185 tereti
382 1138 495 1195 pugnant
504 1141 618 1184 mucrone
627 1152 734 1194 veruque
744 1137 850 1187 Sabello.

266 1208 321 1262 Ipse
331 1206 411 1262 pedes,
422 1208 537 1262 tegumen
547 1207 661 1262 torquens
670 1207 777 1254 immane
786 1207 873 1266 leonia,

265 1275 368 1322 terribili
377 1275 500 1330 impexum
510 1276 578 1322 saeta
587 1290 643 1322 cum
652 1275 766 1323 dentibus
775 1275 839 1323 albis

266 1344 366 1391 indutus
376 1344 459 1401 capiti,
470 1343 505 1391 sic
513 1343 582 1401 regia
590 1344 657 1390 tecta
666 1343 764 1390 subibat

266 1413 386 1469 horridus,
397 1411 566 1467 Herculeoque
575 1426 671 1459 umeros
680 1412 784 1460 innexus
794 1412 897 1461 amictu.

218 1489 256 1536 670
295 1482 358 1528 Tum
366 1481 457 1538 gemini
465 1480 556 1528 fratres
566 1479 679 1527 Tiburtia
688 1481 784 1528 moenia
793 1481 919 1538 linquunt,

266 1550 352 1598 fratris
363 1551 461 1597 Tiburti
470 1551 562 1597 dictam
572 1548 712 1605 cognomine
721 1551 830 1606 gentem,

267 1620 415 1676 Catillusque
425 1633 526 1674 acerque
537 1617 619 1673 (lorus,
629 1616 723 1674 Argiva
731 1618 856 1674 iuventus,

267 1691 292 1736 et
301 1689 404 1744 primam
414 1689 471 1734 ante
482 1687 557 1734 aciem
567 1686 642 1733 densa
650 1685 717 1734 inter
725 1686 776 1733 tela
785 1685 917 1733 ieruntnrz

267 1774 311 1806 eeu
320 1759 368 1805 duo
377 1757 511 1812 nubigenae
522 1770 577 1802 cum
587 1755 676 1802 vertice
686 1755 775 1801 montis
785 1754 817 1800 ab
827 1754 880 1801 alto

267 1827 415 1874 descendunt
422 1823 545 1879 Centauri,
553 1822 673 1870 Homolen
677 1822 829 1878 Othrquue
839 1821 944 1869 nivalem

266 1895 402 1951 linquentes
412 1909 486 1941 eursu
495 1891 578 1947 rapido
587 1911 593 1948 ;
609 1892 652 1940 ‹lat
662 1891 775 1938 euntibus
785 1891 873 1947 ingens

267 1964 327 2012 silva
337 1965 416 2011 locum
424 1964 451 2010 et
460 1976 549 2018 magno
558 1960 647 2008 cedunt
657 1960 765 2016 virgulta
774 1959 883 2016 fragore.

295 2033 347 2080 Nee
357 2030 528 2078 Praenestinae
538 2029 656 2075 fundator
665 2028 744 2075 defuit
753 2027 831 2084 urbis,

267 2102 377 2150 Vulcano
385 2101 495 2156 genitum
505 2113 591 2154 pecora
600 2097 665 2144 inter
673 2096 781 2153 agrestia
789 2112 873 2153 regem

219 2176 257 2213 680
267 2171 439 2224 inventumque
448 2167 507 2214 iocis
517 2165 594 2213 omnis
604 2181 675 2222 quem
684 2165 786 2212 credidit
792 2167 874 2223 aetas,

268 2240 394 2287 Caeculus.
424 2238 499 2283 Hunc
509 2235 558 2282 late
568 2234 630 2290 legio
640 2234 771 2281 comitatur
780 2234 887 2290 agrestis
896 2253 903 2281 z

267 2309 353 2364 quique
363 2307 441 2353 altum
451 2305 581 2351 Praeneste
590 2303 645 2361 viri,
656 2302 742 2358 quique
753 2317 814 2348 arva
824 2302 937 2350 Gabinae

267 2375 366 2423 Iunonis
375 2375 527 2431 gelidumque
537 2371 655 2419 Anienem
664 2372 689 2418 et
699 2370 793 2417 roscida
802 2370 862 2417 rivis

267 2443 444 2558 Her(niea)saxa
453 2441 545 2495 colunt,
556 2455 614 2495 quos
624 2439 689 2486 dives
697 2438 812 2494 Anagnia
821 2440 911 2497 pascit,

332 2513 367 2549 288
