1972 3164
395 202 417 240 P.
430 201 551 242 VERGILI
563 201 694 244 Mseoms

205 297 284 345 multa
293 313 366 355 super
375 299 456 346 Lauso
464 299 566 356 rogitat,
576 299 731 356 multumque
739 300 844 348 remittit

158 378 196 424 840
205 367 247 424 qui
256 368 377 424 revocent,
388 366 520 422 maestique
528 366 613 414 ferent
623 367 742 414 mandata
751 368 870 422 parentis.

206 436 242 482 At
251 435 359 482 Lausum
368 434 425 482 socii
434 434 568 481 exanimem
577 449 651 491 super
660 449 731 484 arma
739 434 852 482 ferebant

206 503 300 561 deuia,
309 503 433 560 ingentem
442 504 514 558 atque
524 503 619 559 ingenti
627 502 730 550 vulnero
739 503 842 552 victum.

206 571 314 629 Agnovit
323 571 395 629 longe
405 571 522 630 gemitum
532 586 650 628 praesaga
659 571 720 618 mali
728 586 797 619 mens
806 593 812 620 ι

206 640 318 688 canitiem
329 639 406 686 multo
416 639 536 686 deformat
546 639 654 697 pulvere,
665 641 691 687 et
701 640 786 687 ambas

206 708 236 755 ed
247 707 339 754 ceolum
350 707 430 753 tendit
440 706 533 762 palmas
543 708 568 754 et
578 722 678 763 corporo
687 708 807 755 inhaeret.

207 775 334 822 ‘Tantane
344 789 383 821 me
392 775 474 821 tenuit
483 773 589 832 vivendi,
599 776 666 833 nate,
677 775 800 833 voluptas,

206 844 235 890 ut
244 857 289 899 pro
298 857 338 889 me
348 841 432 888 hostili
441 844 540 898 paterer
550 843 678 891 sncoedere
688 843 799 900 dextrae,

206 926 277 968 quem
294 911 384 968 genui?
411 912 486 958 tuane
509 910 569 960 huso
592 912 688 970 genitor
711 927 755 969 per
778 912 882 958 vulnere

262 994 353 1038 servor,

208 1049 335 1097 mortetua
341 1049 442 1096 vivens?
471 1047 537 1105 Heu,
545 1048 701 1096 manumisero
710 1048 770 1095 mihi
780 1049 879 1095 demum

160 1129 198 1176 850
208 1118 308 1165 exitium
317 1115 411 1173 infelix,
421 1131 487 1164 nunc
496 1115 547 1163 ulte
557 1117 643 1164 vulnus
652 1116 775 1163 adactum.

208 1186 275 1233 Idem
286 1200 339 1243 ego,
348 1186 414 1242 nate,
425 1186 496 1231 tuum
505 1184 626 1232 maculavi
635 1184 732 1232 crimine
741 1199 842 1239 nomen,

208 1255 292 1311 pulsus
301 1254 332 1301 ob
341 1253 456 1300 invidiam
466 1253 525 1300 solio
535 1254 684 1310 sceptrisque
692 1253 809 1309 paternis.

208 1323 347 1370 Debuei'em
357 1322 452 1378 patriae
462 1336 551 1378 poenes
560 1321 668 1377 odiisq11e
677 1337 786 1369 meorum
795 1342 801 1368 :

208 1406 290 1439 omnes
300 1407 344 1448 per
353 1394 443 1438 mortes
452 1390 559 1438 animem
569 1393 665 1437 sontem
678 1389 729 1446 ipse
739 1390 858 1438 dedissem
868 1394 873 1437 !

209 1460 281 1508 Nunc
299 1460 354 1507 vivo
373 1474 450 1516 nsque
473 1459 552 1507 adhuc
571 1458 681 1508 homines
700 1459 826 1516 lucemque
850 1474 888 1506 re-

264 1529 360 1587 linquo:

209 1600 250 1648 scd
260 1599 384 1654 linquam!
415 1597 493 1645 Simul
501 1597 546 1645 hoc
557 1597 638 1644 dicens
646 1596 739 1644 attollit
748 1597 774 1644 in
784 1613 886 1654 aegrum

209 1685 234 1716 se
244 1668 325 1715 femur
334 1670 366 1723 et,
378 1682 523 1722 quamquem
533 1665 570 1712 vis
581 1665 632 1712 alto
642 1665 743 1712 vulnere
752 1667 846 1722 tardat,

209 1737 275 1783 haud
284 1736 391 1783 deiectus
400 1750 488 1790 equum
498 1734 553 1781 duci
563 1733 639 1781 iubet.
669 1733 725 1781 Hoc
736 1734 810 1781 decus
824 1735 868 1791 illi,

209 1805 255 1852 hoc
265 1804 371 1852 solamen
382 1805 449 1859 eret;
464 1802 532 1849 bellis
542 1802 587 1849 hoc
597 1803 676 1849 victor
685 1802 769 1849 ebibet

163 1887 200 1926 860
210 1874 327 1922 omnibus.
358 1872 499 1927 Alloquitur
508 1872 657 1917 maerentem
667 1872 692 1917 et
701 1871 794 1917 talibus
804 1871 861 1917 infit
872 1893 877 1918 ε

211 1942 333 1999 ‘Rhsebe
344 1940 393 1997 diu,
404 1956 443 1987 res
454 1940 474 1986 si
484 1955 532 1995 quu
542 1940 584 1986 diu
593 1939 736 1985 mortalibus
746 1939 800 1986 ullu
809 1945 857 1997 est,

209 2012 321 2058 viximus.
351 2010 403 2055 Aut
413 2008 484 2055 hodie
494 2008 573 2054 victor
583 2007 661 2062 spolia
670 2006 713 2053 illu
723 2010 828 2055 cruenta
913 2050 916 2054 ,

210 2082 235 2127 et
245 2080 319 2135 caput
328 2078 425 2125 Aeneae
435 2077 535 2133 referes,
547 2076 669 2131 Lausique
678 2075 791 2123 dolorum

210 2149 276 2195 ultor
286 2148 333 2195 eris
343 2162 437 2194 mecum
447 2147 500 2203 eut,
511 2146 592 2202 aperit
601 2144 622 2191 si
632 2143 701 2190 nullu
710 2144 777 2190 viem
787 2146 834 2202 vis,

210 2216 336 2264 occumbes
346 2215 453 2272 parilem
467 2229 544 2271 neque
554 2213 626 2269 enim,
636 2212 778 2269 fortissime,
790 2214 873 2270 credo,

211 2283 279 2332 iussu
289 2284 368 2331 alienu
377 2283 431 2340 pati
440 2285 466 2329 et
476 2283 583 2330 dominos
593 2280 724 2338 dignabere
734 2281 864 2330 Teucros)

211 2352 282 2399 Dixit
291 2355 316 2400 et
326 2353 441 2407 exceptus
452 2353 521 2408 tergo
532 2353 647 2398 consueta
656 2349 746 2396 locavit

211 2421 327 2476 membra,
338 2436 470 2475 munusque
481 2420 564 2466 ambas
574 2419 658 2466 iaculis
668 2419 780 2465 oneravit
791 2420 884 2479 acutis,

211 2502 266 2534 uere
276 2490 350 2542 caput
359 2487 466 2546 fulgens,
477 2488 597 2544 cristaque
607 2487 716 2534 hirsutus
726 2486 828 2542 equina.

258 2555 267 2603 l
276 2556 328 2605 372)
