1972 3164
341 151 363 191 P.
377 151 496 190 VERGILI
509 149 638 191 MARONIS

153 247 216 294 Toto
226 262 330 304 namque
340 248 451 296 fremunt
460 249 596 297 condensae
605 248 678 295 litere
689 263 787 306 puppes

151 316 266 372 signaque
275 317 341 364 ferre
350 316 435 365 iubent
444 335 450 374 ;
464 317 553 364 retinet
562 316 697 373 longaevus
707 317 833 374 haruspex

150 385 206 431 fata
215 399 304 432 canens
314 385 358 433 “0
369 385 497 433 Maeoniae
507 385 601 434 delecta
610 386 736 444 iuventus,

103 468 140 506 500
151 454 195 502 flos
219 456 329 502 veterum
351 453 477 510 virtusque
500 454 591 510 virum,
615 468 674 509 quos
702 455 785 504 iustus
807 455 832 503 in

209 524 303 571 hostem

152 594 202 642 lert
212 592 279 640 dolor
289 593 314 638 et
324 591 410 638 merita
420 591 531 639 accendit
541 591 679 639 Mezentius
688 592 736 650 ira,

152 663 215 710 nulli
224 662 262 708 ias
272 659 336 707 Italo
346 661 443 707 tantam
452 660 599 717 subiungere
609 663 710 718 gentem
720 682 727 710 ε

152 733 264 780 externos
274 730 358 785 optate
368 729 440 776 duces
449 729 478 776 :'’
489 731 543 777 tum
553 730 660 776 Etrusca
669 730 763 778 resedit

153 800 198 848 hoc
208 798 271 846 acies
281 813 375 854 campo,
385 797 483 844 monitis
493 798 613 846 exterrita
622 799 716 846 divum.

153 869 210 924 Ipse
220 867 327 913 oratores
338 867 370 913 ad
380 881 417 913 me
428 866 545 924 regnique
554 882 668 915 coronam

154 952 209 984 cum
220 936 315 990 sceptro
325 935 392 982 misit
401 936 548 991 mandatque
558 935 664 992 insignia
678 936 804 993 Tarchon,

154 1005 281 1052 succedam
291 1004 379 1051 castris
390 1004 563 1060 Tyrrhenaque
573 1020 649 1061 regna
659 1020 796 1061 capessam.

155 1074 203 1121 Sed
213 1073 272 1120 mihi
281 1073 354 1120 tarda
363 1072 420 1129 gelu
429 1072 559 1128 saeclisque
569 1073 644 1120 effeta
653 1075 769 1121 senectus

153 1142 246 1190 invidet
256 1141 383 1199 imperium
393 1155 507 1197 seraeque
517 1141 548 1188 ad
558 1141 634 1189 fortia
643 1142 716 1189 uires.

107 1231 144 1268 510
154 1211 249 1258 Natum
258 1211 409 1266 exhortarer,
420 1209 446 1256 ni
455 1210 548 1257 mixtus
563 1212 643 1257 matre
654 1210 754 1258 Sabella

154 1279 211 1326 hinc
221 1280 317 1336 partem
327 1278 421 1334 patriae
431 1278 548 1324 traheret.
579 1278 626 1335 Tu,
637 1277 706 1325 cuius
716 1280 743 1325 et
753 1278 822 1325 annis

154 1349 180 1396 et
189 1346 272 1405 generi
281 1347 335 1394 iata
344 1345 480 1403 indulgent,
492 1361 562 1402 quem
572 1346 675 1393 numina
684 1347 799 1403 poscunt,

154 1416 289 1474 ingredere,
308 1431 323 1462 o
343 1416 463 1462 Teucrum
487 1416 560 1470 atque
583 1414 676 1461 Italum
700 1415 831 1463 fortissime

212 1485 307 1533 ductor.

156 1556 230 1602 Hunc
239 1554 285 1602 tibi
294 1554 429 1610 praeterea,
440 1569 494 1610 spes
504 1555 530 1601 et
540 1552 626 1600 solatia
636 1553 723 1610 nostri,

155 1623 270 1670 Pallanta
280 1623 425 1680 adiungam
441 1622 486 1669 sub
496 1624 522 1669 te
532 1622 636 1669 tolerare
646 1623 766 1678 magistro

155 1692 267 1739 militiam
277 1695 302 1739 et
312 1706 387 1748 grave
396 1691 487 1738 Martis
495 1706 563 1748 opus,
574 1693 619 1737 tua
629 1699 728 1738 cernere
735 1691 805 1737 iacta

155 1762 287 1817 assuescat,
298 1760 381 1816 primis
391 1760 416 1806 et
426 1762 451 1806 te
463 1759 568 1807 miretur
575 1759 606 1805 ab
616 1758 694 1805 annis.

156 1831 266 1878 Arcadas
276 1829 333 1876 hnic
342 1828 435 1884 equites
445 1827 482 1874 bis
493 1829 601 1884 centnm,
611 1826 700 1873 robora
710 1827 780 1882 pubis

156 1899 220 1946 lecta
234 1899 306 1955 dabo,
316 1897 464 1953 totidemque
474 1911 519 1944 suo
528 1896 574 1942 tibi
583 1911 682 1942 munere
693 1895 792 1942 Pallas.'

121 1994 145 2017 20
184 1968 232 2015 Vix
242 1983 271 2014 ea
280 1966 347 2012 fatus
357 1967 420 2023 erat,
433 1965 550 2020 defixique
561 1980 604 2012 ora
613 1963 731 2010 tenebant

156 2038 251 2084 Aeneas
261 2034 418 2083 Anchisiades
429 2036 454 2081 et
464 2034 527 2080 fidus
536 2033 652 2090 Achates,

156 2105 282 2160 multaque
292 2104 354 2150 dura
363 2118 406 2149 suo
416 2102 482 2149 tristi
492 2119 547 2149 cum
558 2102 629 2149 corde
640 2101 771 2157 putabant,

156 2173 182 2220 ni
192 2173 287 2230 signum
298 2171 364 2219 caele
375 2170 612 2227 Cytherea-dedisset
625 2172 718 2224 apeme.

156 2243 267 2298 Namque
277 2240 406 2296 improviso
416 2239 526 2286 vibratus
536 2239 567 2285 ab
577 2238 674 2285 aethere
684 2237 767 2294 fulgor

158 2326 212 2357 eum
223 2311 304 2357 souitu
313 2308 389 2366 uenit,
400 2309 425 2354 et
435 2322 505 2354 ruere
516 2307 596 2354 omnia
606 2307 658 2354 visa
667 2308 775 2362 repente,

158 2379 346 2434 Tyrrhenusque
355 2377 428 2423 tubae
441 2375 536 2432 mugire
546 2391 589 2431 per
600 2375 701 2422 aethera
710 2374 819 2431 clangor.

348 2466 383 2498 ⁶19.
404 2473 421 2497 u.
431 2461 444 2496 1.
454 2461 499 2497 ‘suo
509 2488 513 2497 .
522 2488 526 2497 .
535 2460 639 2497 ,nomine’

204 2516 213 2563 (
223 2514 274 2564 ³10)
