1972 3164
309 183 421 225 name.
446 185 478 224 XI

55 280 91 327 At
101 279 223 337 Metabus,
234 296 324 337 magna
332 280 431 336 propius
440 279 489 327 iam
499 282 602 337 urgente
611 284 710 329 caterva

54 347 99 396 dat
109 363 160 396 sese
169 347 251 405 fluvio,
261 350 335 403 atque
344 347 442 394 hastam
452 363 508 394 cum
517 347 611 404 virgine
620 349 698 396 victor

54 416 180 472 gramineo
189 416 278 463 donum
288 414 384 462 Triviae
394 415 424 462 da
434 415 539 471 caespite
548 415 625 464 vellit.

55 483 113 532 Non
123 483 191 530 illum
200 483 273 531 tectis
282 482 354 541 ullae,
364 497 414 530 non
422 483 547 531 moenibus
556 484 629 531 urbes

55 566 169 607 accepera
178 567 255 608 neque
264 552 316 608 ipse
325 567 412 599 manus
421 552 521 600 feritate
531 552 651 601 dedisset:

55 621 182 676 pastorum
189 621 214 667 et
226 620 283 668 solis
292 620 372 677 exegit
381 621 504 667 montibus
515 635 609 668 aevum.

10 698 48 737 ⁵70
56 688 105 736 Hic
114 691 199 736 natam
208 689 234 736 in
244 688 322 735 dumis
331 688 442 745 interque
451 689 576 736 horrentia
585 689 663 736 lustra

54 756 197 804 armentalis
206 772 281 812 equae
291 757 402 804 mammis
411 758 437 804 et
446 756 509 804 lacte
518 756 597 804 ferino

54 824 175 881 nutribat,
185 824 275 872 teneris
284 824 428 881 immulgens
438 825 513 872 ubera
522 825 605 872 labris.

56 891 138 949 thue
148 893 236 949 pedum
245 892 329 949 primis
338 893 420 940 infans
429 893 532 949 vestigia
541 893 631 949 plantis

55 961 187 1018 institerat,
197 961 276 1009 iaculo
284 961 378 1018 palmas
387 961 492 1008 armavit
502 963 575 1009 acuto

55 1030 194 1086 spiculawe
203 1045 233 1077 ax
242 1045 326 1078 umero
336 1044 425 1086 parvae
433 1030 560 1086 suspendit
569 1031 595 1076 et
604 1044 697 1077 arcum.

56 1097 105 1145 Pro
114 1099 198 1146 crinali
208 1114 276 1155 auro,
287 1114 331 1154 pro
340 1097 426 1154 longae
436 1098 544 1154 tegmine
554 1097 633 1152 pallae

55 1166 151 1224 tigridis
161 1168 261 1214 exuviae
270 1181 314 1222 per
323 1166 421 1212 dorsum
431 1181 447 1212 a
456 1164 547 1212 vertice
556 1164 670 1219 pendent.

56 1233 117 1280 Tela
125 1250 200 1280 manu
207 1236 255 1281 iam
265 1236 319 1281 tum
328 1234 415 1279 tenera
424 1232 527 1288 puerilia
535 1232 616 1289 torsit,

56 1303 83 1349 et
92 1302 194 1348 fundam
203 1301 275 1349 tereti
285 1301 376 1349 circum
386 1302 460 1356 caput
469 1299 519 1356 egit
532 1300 635 1357 habena,

10 1370 47 1422 580
58 1369 268 1425 Strymoniamque
277 1384 363 1424 gruem
373 1370 416 1415 aut
426 1367 509 1415 album
518 1367 603 1415 deiecit
611 1368 710 1417 olorem.

56 1438 153 1487 Multae
163 1438 230 1485 illam
240 1437 334 1484 frustra
344 1436 470 1492 Tyrrhena
479 1451 523 1492 per
532 1436 621 1492 oppida
630 1439 721 1486 matres

55 1510 171 1563 optavere
180 1521 269 1553 nurum
280 1525 286 1551 ι
302 1504 353 1551 sola
363 1506 478 1552 contenta
488 1504 569 1551 Diana

56 1578 184 1624 ueternum
194 1574 299 1622 telorum
309 1574 334 1619 et
344 1571 491 1628 virginitatis
500 1587 605 1619 amorem

56 1644 204 1693 intemerata
213 1642 278 1690 colit.
308 1639 402 1688 Vellem
411 1640 478 1686 haud
487 1641 599 1696 correpta
608 1640 695 1688 fuisset

56 1712 146 1760 militia
154 1711 208 1768 tali,
219 1712 307 1759 conata
316 1709 432 1757 lacessere
442 1708 563 1756 Teucros:

57 1797 115 1829 cara
124 1780 184 1827 mihi
193 1780 355 1834 comitumque
364 1777 429 1824 foret
438 1793 503 1825 nunc
513 1792 563 1824 una
572 1792 688 1824 mearum.

56 1850 149 1898 Verum
158 1863 212 1905 age,
223 1846 414 1904 quandoquidem
423 1845 482 1892 fatis
492 1847 596 1903 urgetur
608 1845 709 1902 acerbis,

58 1917 149 1974 labere,
162 1917 285 1974 Nympha,
295 1916 352 1972 polo
362 1915 468 1970 finesque
478 1914 554 1960 invise
564 1913 672 1970 latinos,

57 1987 137 2034 tristis
146 1986 188 2033 ubi
196 1986 305 2033 intamto
315 1984 476 2032 committitur
485 1982 565 2029 omine
574 1997 666 2040 pugna.

11 2069 48 2109 ⁵9⁰
59 2055 128 2102 Haec
137 2069 196 2110 cape
205 2056 229 2101 et
237 2053 349 2100 ultricem
355 2052 471 2107 pharetra
480 2051 592 2105 deprome
602 2049 718 2104 sagittam
727 2067 733 2096 ι

58 2123 112 2180 hac,
123 2123 265 2178 quicumque
275 2135 370 2168 sacrum
380 2117 477 2165 violarit
485 2117 586 2163 vulnere
595 2130 690 2172 corpus,

58 2192 120 2240 Tros
131 2191 264 2246 Italusque,
274 2188 334 2235 mihi
343 2186 435 2242 pariter
444 2186 486 2233 det
495 2183 612 2240 sanguine
621 2198 719 2239 poenas.

59 2260 118 2307 Post
131 2275 177 2316 ego
186 2259 250 2305 nubo
260 2272 320 2306 cava
328 2253 478 2302 miserandae
488 2267 575 2308 corpus
584 2253 610 2298 et
619 2267 688 2300 arma

58 2328 190 2384 inspoliata
199 2327 276 2374 leram
286 2324 382 2372 tumulo
391 2322 531 2378 patriaeque
538 2319 670 2376 reponam.’

59 2397 143 2453 Dixit3
158 2398 185 2443 at
195 2396 239 2442 illa
247 2394 307 2441 levis
317 2393 377 2440 caeli
389 2392 488 2446 delapsa
498 2405 541 2446 per
550 2403 622 2436 auras

58 2465 175 2584 inwiust'
185 2464 256 2521 nigro
266 2461 416 2511 circumdata
424 2459 522 2507 turbina
532 2471 625 2514 corpus.

126 2535 178 2584 393)
381 2538 416 2578 η
