1972 3164
421 177 531 220 AENEIS.
557 180 592 218 111

169 271 280 321 Threicio
286 274 346 332 regi,
357 289 412 322 cnm
421 275 470 323 iam
485 276 604 324 diffideret
613 277 689 328 armis

168 341 307 390 Dardaniae
315 341 424 399 cingique
434 342 520 391 urbem
530 343 652 392 obsidione
663 344 764 393 videret.

168 410 223 467 Ille,
234 412 263 457 ut
272 425 328 467 opes
338 409 432 458 fractae
442 411 572 469 Teucrum,
584 414 609 460 et
619 412 731 461 Fortuna
738 415 845 473 recessit,

168 495 208 527 res
218 479 421 536 Agamemnonias
432 479 587 536 victriciaque
598 496 667 528 arma
677 482 775 529 secutus

168 547 207 594 fas
218 562 288 594 omne
296 546 419 603 abrumpit
428 567 433 594 ι
450 547 596 605 Polydorum
604 548 744 607 obtruncat,
751 552 776 598 et
786 566 846 598 auro

167 616 193 663 vi
203 615 305 672 potitur.
335 615 399 672 Quid
408 630 457 662 non
466 616 578 664 mortalia
587 618 686 672 pectora
695 619 769 676 cogis,

168 683 224 731 auri
233 699 303 731 sacra
311 682 389 732 tames
398 687 403 730 !
419 684 552 739 Postquam
562 700 637 740 pavor
646 701 702 732 ossa
710 685 816 744 reliquit,

167 751 272 800 delectos
281 752 364 808 populi
373 753 405 799 ad
414 767 524 808 proceres
534 753 685 809 primumque
695 757 822 810 parentem

167 822 279 868 monstra
287 821 360 868 deum
369 820 456 877 refero,
468 821 493 867 et
502 836 563 876 qnae
573 821 604 868 sit
615 823 737 870 sententia
745 839 824 880 posco.

133 895 159 934 ⁶0
167 889 287 937 Omnibus
296 889 359 937 idem
369 889 472 946 animus,
484 889 602 936 scelerata
610 891 724 938 excedere
733 892 808 949 temo,

167 957 245 1014 linqui
250 957 369 1014 pollutum
376 957 508 1013 hospitium
514 959 539 1005 et
545 959 603 1005 dare
609 958 725 1007 classibus
731 961 843 1009 Austros.

167 1026 236 1083 Ergo
244 1025 411 1073 instauramus
421 1024 542 1081 Polydoro
550 1026 634 1084 funus,
644 1029 670 1075 et
678 1028 764 1085 ingens

167 1093 294 1151 aggeritur
302 1094 398 1141 tumulo
405 1093 479 1141 tellus
489 1112 495 1151 ;
509 1096 578 1141 stant
586 1095 698 1142 manibus
708 1112 765 1144 arae

166 1161 283 1210 caeruleis
292 1164 399 1210 maestae
407 1162 475 1209 vittis
486 1165 586 1218 atraque
595 1179 715 1220 cupresso,

166 1232 193 1278 et
203 1230 294 1278 circum
304 1230 392 1278 Iliades
401 1231 492 1278 crinem
502 1231 532 1278 de
542 1246 609 1279 more
618 1231 711 1278 solutae
720 1250 727 1288 ;

166 1298 294 1346 inferimus
304 1298 385 1354 tepido
395 1299 533 1354 spumantia
540 1298 635 1354 cymbia
643 1298 707 1346 lacte

167 1366 293 1423 sanguinis
302 1368 327 1414 et
337 1366 400 1415 sacri
409 1368 515 1423 pateras,
526 1367 679 1421 animamque
688 1366 798 1422 sepulcro

167 1435 291 1483 condimus
301 1436 326 1482 et
336 1450 426 1492 magna
434 1450 575 1491 supremum
584 1449 642 1482 uoce
652 1434 750 1482 ciemus.

194 1503 270 1550 ‘Inde
279 1502 321 1549 ubi
329 1502 409 1559 prima
416 1502 475 1550 fides
485 1502 578 1560 pelago,
589 1502 733 1558 placataque
742 1502 809 1550 venti

133 1570 229 1630 podaut
248 1571 326 1618 maria
342 1572 369 1645 et
385 1569 445 1618 lenis
467 1571 589 1627 crepitans
610 1572 682 1618 vocat
702 1571 795 1619 Auster
819 1570 845 1618 in

225 1639 312 1697 altum,

167 1707 292 1756 deducunt
302 1706 359 1756 socii
368 1722 442 1754 naves
451 1708 477 1754 et
485 1705 559 1754 litora
568 1707 697 1764 complent.

167 1776 328 1824 Provehimur
337 1777 410 1832 portu
419 1777 546 1831 terraeque
556 1776 674 1832 urbesque
684 1775 809 1823 recedunt.

168 1845 246 1893 Sacra
254 1844 316 1892 mari
323 1845 411 1892 colitur
420 1844 499 1892 medio
507 1844 645 1902 gratissima
653 1844 727 1892 tellus

168 1913 301 1960 Nereidum
311 1912 385 1960 matri
391 1913 416 1958 et
426 1912 542 1969 Neptuno
550 1913 655 1971 Aegaeo,

167 1997 242 2038 quam
252 1981 305 2038 pius
315 1981 477 2036 Arquitenens
486 1996 541 2028 orae
550 1983 576 2028 et
585 1981 658 2028 litora
667 1981 757 2030 circum

167 2051 292 2098 errantem
301 2049 405 2106 Mycono
413 2064 427 2096 e
436 2049 501 2097 celsa
510 2050 637 2106 Gyaroque
646 2047 760 2116 revinxit,

166 2118 340 2173 immotamque
349 2117 395 2165 coli
403 2117 470 2164 dedit
479 2118 505 2164 et
514 2119 667 2164 contemnere
676 2116 769 2161 ventos.

167 2185 227 2233 Huc
236 2185 310 2242 feror,
320 2185 380 2233 haec
389 2185 466 2233 fessos
475 2187 531 2232 tuto
540 2184 704 2242 placidissima
713 2183 786 2237 portu

168 2253 266 2310 accipit.
295 2253 394 2311 Egressi
403 2269 547 2300 veneramur
555 2251 676 2307 Apollinis
685 2249 778 2296 urbem.

131 2331 158 2372 80
169 2323 224 2370 Rex
234 2322 320 2379 Anius,
328 2337 371 2369 rex
380 2321 442 2370 idem
452 2321 576 2368 hominum
582 2317 720 2373 Phoebique
726 2315 845 2374 sacerdos,

169 2391 239 2438 vittis
248 2393 274 2438 et
283 2405 353 2438 sacra
361 2389 488 2438 redimitus
497 2390 608 2442 tempora
617 2386 688 2432 lauro

378 2487 404 2520 al.
425 2479 639 2524 ‘linquere'Donatuu

221 2538 229 2588 (
238 2536 289 2586 1⁶⁵)
