1972 3164
307 172 417 214 mels.
442 175 484 214 xn

62 266 139 322 poscit
148 283 220 324 equos
228 269 366 325 gaudemue
374 271 446 317 tuens
457 271 515 318 ante
524 284 568 317 ora
576 272 717 329 frementes,

62 334 174 382 Pilumno
183 351 242 392 quos
251 337 304 393 ipsa
313 337 385 385 decus
395 338 462 385 dedit
472 337 592 396 Orithpia

62 403 103 459 qui
113 404 215 452 candore
225 405 292 453 nives
302 406 432 462 anteirent,
443 405 552 453 cursibus
562 421 642 454 auras.

63 471 228 520 Circumstant
238 474 334 529 properi
344 474 444 533 aurigae
451 474 608 530 manibusque
613 475 736 523 laoessunt

62 542 162 596 pectora
171 541 257 597 plausa
266 543 332 589 cavis
341 545 366 591 et
376 542 439 590 eolla
448 543 569 590 comantia
578 545 688 599 pectunt.

62 609 118 664 Ipse
127 609 212 657 dehinc
222 626 282 658 auro
292 610 441 666 squalentem
451 611 551 666 alboque
561 612 680 660 orichalco

62 677 196 725 circumdat
206 678 305 725 loricam
314 679 403 726 umeris
412 698 419 736 ;
433 678 505 725 simul
514 680 585 734 aptat
594 679 703 727 habendo

62 760 190 802 ensemque
199 747 348 803 clipeumque
357 749 382 794 et
392 746 479 794 rubrae
489 761 580 794 cornua
589 747 685 803 cristae,

27 832 52 870 90
63 829 153 870 ensem,
164 829 234 870 quem
245 815 333 862 Dauno
342 815 478 872 ignipotens
487 814 546 861 deus
555 814 606 870 ipse
616 815 714 870 parenti

61 882 153 930 fecerat
163 884 188 930 et
198 883 283 940 Stygia
292 883 434 930 candentem
443 883 551 930 tinxerat
560 883 634 931 unda.

61 950 126 997 leiu
135 966 195 1007 quae
205 952 289 999 mediis
298 951 392 1007 ingenti
401 951 491 998 annixa
499 951 625 998 columnae

62 1018 160 1066 aedibus
170 1019 275 1075 astabat,
285 1019 391 1066 validam
400 1019 425 1066 vi
435 1019 534 1074 corripit
543 1018 648 1077 hastam,

62 1087 159 1134 Actoris
168 1087 277 1134 Aurunci
287 1088 398 1143 spolium,
409 1089 554 1143 quassamue
563 1088 707 1136 trementem

62 1155 210 1202 vociferans:
226 1155 232 1176 ‘
243 1155 324 1213 Nunc,
335 1171 350 1204 o
363 1171 495 1211 numquam
505 1155 628 1202 frustrata
635 1158 737 1203 vocatus

62 1223 134 1270 hasta
156 1238 229 1279 meos,
253 1239 318 1271 nune
338 1225 435 1279 tempus
459 1224 529 1271 adest
539 1244 544 1271 ι
568 1225 593 1270 to
617 1224 736 1271 maximus

119 1290 203 1347 Actor,

63 1361 89 1407 te
98 1359 176 1406 Turni
185 1374 250 1407 nunc
259 1360 346 1407 dextra
355 1359 426 1417 gerit.
456 1360 496 1406 Da
506 1361 612 1407 sternere
622 1374 709 1416 corpus

62 1427 208 1484 loricamque
217 1444 292 1475 manu
300 1428 382 1475 valida
391 1428 499 1475 lacerare
509 1427 630 1475 revulsam

64 1496 169 1544 semiviri
178 1497 290 1553 Phrygis,
301 1498 326 1544 ot
335 1496 432 1544 foedare
440 1496 467 1543 in
476 1495 575 1552 pulvere
585 1496 663 1543 crines

17 1588 53 1614 ιω
63 1564 171 1612 vibratos
181 1565 257 1612 calido
265 1565 332 1612 ferro
341 1579 470 1620 monaque
480 1563 623 1610 madentes!

64 1633 112 1679 His
122 1634 203 1690 agitur
212 1633 297 1690 furiis3
311 1634 410 1688 totoque
419 1633 527 1680 ardentis
537 1632 568 1679 ab
577 1647 618 1679 ore

64 1701 182 1750 scintillae
192 1701 315 1758 absiliunt,
327 1701 402 1748 oculis
412 1701 486 1748 micat
496 1700 592 1748 acribus
601 1700 664 1758 ignis
675 1721 681 1748 :

65 1770 173 1826 mugitus
182 1770 259 1817 veluti
268 1785 323 1817 eum
333 1769 411 1825 prima
420 1770 446 1816 in
456 1769 547 1825 proelia
556 1770 643 1815 taurus

64 1838 183 1885 terrificos
192 1838 239 1885 ciet
248 1840 321 1893 atque
330 1837 403 1886 irasci
411 1837 437 1885 in
447 1852 538 1886 cornua
547 1838 662 1893 temptat,

64 1906 157 1954 arboris
166 1906 268 1953 obnixus
277 1908 373 1963 trunco,
384 1907 514 1962 ventosque
523 1904 621 1953 lucessit

64 1974 152 2022 ictibus
162 1976 205 2021 aut
215 1989 299 2030 sparsa
308 1974 340 2021 ad
349 1989 456 2031 pugnam
465 1973 572 2030 proludit
582 1973 681 2019 harena.

94 2042 146 2090 Nec
155 2043 234 2089 minus
243 2043 336 2089 interea
345 2042 461 2089 maternis
471 2057 556 2088 saevus
565 2041 590 2087 in
601 2039 675 2087 armis

65 2110 160 2158 Aeneas
170 2111 235 2158 acuit
245 2111 352 2157 Martem
362 2111 387 2157 et
396 2125 422 2157 so
432 2111 533 2157 suscitat
543 2109 589 2165 ira,

64 2179 146 2227 oblato
155 2179 262 2235 gaudens
272 2178 382 2234 componi
391 2178 486 2226 foedere
495 2177 594 2224 bellum.

16 2270 56 2297 110
65 2248 130 2295 Tum
139 2247 213 2294 socios
223 2247 355 2303 maestique
365 2247 456 2293 metum
467 2246 559 2293 solatur
568 2246 624 2301 Iuli,

66 2315 121 2363 fata
131 2315 226 2371 docens,
235 2315 334 2373 regique
343 2314 410 2361 iubet
420 2329 535 2370 responsa
544 2314 633 2360 Latino

66 2386 134 2433 certa
142 2383 232 2431 referre
242 2384 307 2430 viros
317 2384 342 2430 et
352 2382 418 2438 pacis
428 2382 507 2429 dicere
515 2382 589 2438 leges.

95 2454 197 2500 Postera
205 2452 246 2499 rix
256 2467 362 2499 summos
372 2451 504 2507 spargebat
512 2449 604 2497 lumino
614 2449 708 2496 montes

114 2521 121 2569 (
131 2521 183 2572 407)
