1972 3164
293 175 444 216 Gnoselca.
468 178 503 216 111

57 271 186 321 invertisse
195 276 298 330 graves?
326 274 404 330 Atqui
413 289 462 321 non
472 274 579 322 Massica
587 276 678 324 Baoehi

57 357 169 398 munera,
180 357 228 389 non
238 341 285 389 illis
295 343 380 399 epulae
390 358 494 390 nocuere
503 345 627 399 repostae:

58 410 185 458 frondibus
196 413 221 458 et
230 411 297 458 rictu
306 413 441 467 pascuntur
451 411 565 467 simplicis
575 411 671 470 herbae,

59 479 147 535 poeula
156 481 214 526 sunt
224 479 303 527 fontes
313 479 397 535 liquidi
407 482 480 536 atque
490 481 596 527 exereita
606 496 678 528 cursu

11 563 48 601 550
59 548 169 605 flumina,
180 563 224 595 nee
234 564 329 595 somnos
339 548 462 604 abrumpit
472 549 654 597 eurasalubrea

60 617 178 672 Tempore
187 632 236 664 non
245 617 292 664 elio
301 617 386 666 dieunt
395 617 532 674 regionibus
541 617 589 664 illis

59 686 182 742 quaesitas
192 686 223 732 ad
233 701 303 733 saera
311 685 384 733 boves
394 686 494 733 Iunonis
504 687 529 733 et
539 686 589 733 uris

59 753 193 810 imparibus
204 754 288 800 duobos
298 754 350 801 alta
359 754 390 801 ad
400 755 500 816 donaria
510 769 603 802 cumas.

60 822 129 878 Ergo
139 837 210 878 aegre
220 822 306 869 rastris
316 825 408 870 terram
418 823 547 879 rimantur,
558 823 651 879 stipsis

60 890 182 947 unguibus
192 890 313 937 infodiunt
322 891 413 949 fruges,
425 893 565 947 montesque
574 908 618 947 per
626 892 689 940 altos

60 960 177 1007 eontenta
187 959 277 1006 cervice
287 960 390 1006 trahunt
401 960 529 1006 stridentia
539 959 657 1015 plaustra.

60 1028 119 1075 Non
128 1027 200 1083 lupus
210 1027 308 1074 insidias
319 1028 428 1083 explorat
438 1028 511 1074 ovilia
520 1028 610 1074 circum

60 1112 107 1144 nec
116 1096 229 1152 gregibus
239 1097 372 1143 nocturnus
382 1096 536 1143 obambulet:
552 1095 630 1143 aerior
639 1096 708 1142 illum

61 1181 122 1213 aura
131 1165 227 1222 domat3
241 1165 320 1212 timidi
330 1165 439 1211 dammae
447 1165 558 1221 cervique
568 1164 667 1220 fugaces

10 1255 50 1292 5⁴0
62 1249 129 1280 nunc
139 1233 248 1289 interque
258 1249 329 1280 osnes
339 1234 364 1280 et
374 1233 464 1280 circum
474 1234 541 1279 teeta
550 1234 680 1288 vagantur.

62 1303 119 1350 Iam
136 1302 209 1349 maris
228 1302 339 1349 immensi
357 1302 450 1357 prolem
468 1302 493 1347 et
512 1315 589 1356 genus
608 1315 678 1347 omne
697 1315 738 1346 na-

120 1372 218 1417 tantum

62 1440 135 1486 libore
145 1438 171 1485 in
181 1440 289 1486 extremo
299 1454 343 1485 eeu
353 1439 475 1494 naufraga
484 1452 585 1492 corpora
594 1436 682 1483 fluctus

62 1507 168 1564 proluit3
183 1507 293 1554 insolitae
302 1507 402 1565 fugimt
411 1507 437 1552 in
447 1506 547 1552 flumina
556 1506 654 1561 phocae.

62 1577 154 1624 Interit
163 1577 188 1623 et
198 1577 277 1624 curvis
287 1577 382 1622 frustm
391 1575 491 1622 defensa
499 1576 599 1622 latebris

62 1645 148 1701 vipera
158 1646 182 1692 et
192 1645 292 1692 attoniti
302 1644 406 1700 squamis
417 1644 554 1691 astantibus
564 1645 643 1700 hydri.

63 1714 128 1770 Ipsis
137 1715 174 1761 est
184 1716 226 1760 adr
235 1713 319 1761 avibus
330 1728 378 1759 non
388 1729 486 1770 aequus,
498 1716 522 1761 et
532 1714 588 1761 illae

63 1782 207 1840 praecipites
217 1783 268 1829 alta
278 1782 354 1829 vitam
365 1782 410 1828 sub
420 1782 484 1829 nube
493 1782 643 1838 relinquunt.

63 1853 195 1899 Praeterea
204 1851 252 1898 iam
263 1867 307 1898 nee
316 1851 408 1897 mutari
417 1851 507 1906 pabula
516 1852 601 1908 refert,

63 1920 232 1977 quaesitame
242 1921 329 1967 nooent
338 1921 404 1966 artes
415 1939 421 1976 ;
436 1936 527 1967 esssere
536 1920 648 1977 magistri

11 2003 52 2042 ⁵50
64 1989 209 2044 Phillyrides
219 1989 309 2036 Chiron
317 1989 540 2045 Amythaoniusque
550 1989 696 2043 Melampus.

65 2059 148 2106 Saevit
157 2059 182 2105 et
191 2058 216 2104 in
226 2057 305 2104 lueem
316 2058 404 2113 Stygiis
415 2057 501 2104 emissa
510 2057 617 2104 tenebris

64 2127 157 2185 pallida
165 2127 295 2182 Tisiphone
304 2125 403 2172 Morbos
413 2127 465 2183 agit
476 2128 532 2173 ante
542 2127 693 2181 Metumque,

63 2197 137 2250 inque
147 2196 197 2244 dies
207 2196 304 2243 avidum
315 2210 415 2251 surgens
426 2197 499 2250 caput
513 2195 587 2241 altius
597 2194 677 2240 effert.

64 2265 157 2312 Balatu
166 2279 280 2320 pecorum
289 2265 314 2310 et
324 2263 413 2310 crebris
423 2263 557 2320 mugitibus
567 2276 650 2307 amnes

64 2335 207 2389 arentesque
218 2334 305 2379 sonant
315 2332 381 2387 ripae
392 2332 509 2387 collesque
519 2329 607 2386 supini.

65 2403 166 2457 Iamque
189 2401 332 2448 eatervatim
353 2400 395 2447 dat
420 2403 527 2456 stragem
548 2401 620 2453 atque
640 2400 740 2454 aggerat

121 2486 181 2526 ipsis

113 2539 172 2589 (οι)
