<?xml version="1.0" encoding="UTF-8"?>
<!DOCTYPE html PUBLIC "-//W3C//DTD XHTML 1.0 Transitional//EN"
    "http://www.w3.org/TR/xhtml1/DTD/xhtml1-transitional.dtd">
<html xmlns="http://www.w3.org/1999/xhtml" xml:lang="en" lang="en">
 <head>
  <title>
</title>
<meta http-equiv="Content-Type" content="text/html;charset=utf-8" />
  <meta name='ocr-system' content='tesseract 3.04.00' />
  <meta name='ocr-capabilities' content='ocr_page ocr_carea ocr_par ocr_line ocrx_word'/>
</head>
<body>
  <div class='ocr_page' id='page_1' title='image "./pvergilimaronis07virggoog/pvergilimaronis07virggoog_0450.png"; bbox 0 0 1972 3164; ppageno 0'>
   <div class='ocr_carea' id='block_1_1' title="bbox 414 191 593 233">
    <p class='ocr_par' dir='ltr' id='par_1_1' title="bbox 414 191 593 233">
     <span class='ocr_line' id='line_1_1' title="bbox 414 191 593 233; baseline -0.011 0"><span class='ocrx_word' id='word_1_1' title='bbox 414 191 524 233; x_wconf 81' lang='lat' dir='ltr'>AENEIS.</span> <span class='ocrx_word' id='word_1_2' title='bbox 550 192 593 231; x_wconf 83' lang='lat' dir='ltr'>XII</span> 
     </span>
    </p>
   </div>
   <div class='ocr_carea' id='block_1_2' title="bbox 121 288 841 2117">
    <p class='ocr_par' dir='ltr' id='par_1_2' title="bbox 167 288 784 619">
     <span class='ocr_line' id='line_1_2' title="bbox 167 288 736 347; baseline -0.002 -10"><span class='ocrx_word' id='word_1_3' title='bbox 167 288 290 337; x_wconf 76' lang='lat' dir='ltr'>Dicuntur</span> <span class='ocrx_word' id='word_1_4' title='bbox 299 288 408 345; x_wconf 75' lang='lat' dir='ltr'>geminae</span> <span class='ocrx_word' id='word_1_5' title='bbox 417 291 495 345; x_wconf 84' lang='lat' dir='ltr'>pestes</span> <span class='ocrx_word' id='word_1_6' title='bbox 505 288 644 347; x_wconf 76' lang='lat' dir='ltr'>cognomine</span> <span class='ocrx_word' id='word_1_7' title='bbox 653 288 736 346; x_wconf 87' lang='lat' dir='ltr'>Dirae,</span> 
     </span>
     <span class='ocr_line' id='line_1_3' title="bbox 167 357 784 414; baseline 0 -10"><span class='ocrx_word' id='word_1_8' title='bbox 167 373 227 414; x_wconf 89' lang='lat' dir='ltr'>quaa</span> <span class='ocrx_word' id='word_1_9' title='bbox 237 359 263 404; x_wconf 92' lang='lat' dir='ltr'>et</span> <span class='ocrx_word' id='word_1_10' title='bbox 273 357 416 404; x_wconf 87' lang='lat' dir='ltr'>Tartaream</span> <span class='ocrx_word' id='word_1_11' title='bbox 426 357 482 404; x_wconf 89' lang='lat' dir='ltr'>Nox</span> <span class='ocrx_word' id='word_1_12' title='bbox 490 358 636 414; x_wconf 83' lang='lat' dir='ltr'>intempesta</span> <span class='ocrx_word' id='word_1_13' title='bbox 644 358 784 414; x_wconf 74' lang='lat' dir='ltr'><strong>Megaeram</strong></span> 
     </span>
     <span class='ocr_line' id='line_1_4' title="bbox 167 424 781 483; baseline -0.002 -10"><span class='ocrx_word' id='word_1_14' title='bbox 167 441 216 473; x_wconf 90' lang='lat' dir='ltr'>unc</span> <span class='ocrx_word' id='word_1_15' title='bbox 226 425 354 481; x_wconf 86' lang='lat' dir='ltr'>eodemque</span> <span class='ocrx_word' id='word_1_16' title='bbox 363 424 422 472; x_wconf 90' lang='lat' dir='ltr'>tulit</span> <span class='ocrx_word' id='word_1_17' title='bbox 432 427 513 483; x_wconf 81' lang='lat' dir='ltr'>partu,</span> <span class='ocrx_word' id='word_1_18' title='bbox 524 426 667 482; x_wconf 81' lang='lat' dir='ltr'>paribusque</span> <span class='ocrx_word' id='word_1_19' title='bbox 676 425 781 472; x_wconf 80' lang='lat' dir='ltr'><strong>revinxit</strong></span> 
     </span>
     <span class='ocr_line' id='line_1_5' title="bbox 168 493 728 550; baseline 0.004 -10"><span class='ocrx_word' id='word_1_20' title='bbox 168 495 307 550; x_wconf 70' lang='lat' dir='ltr'>serpentum</span> <span class='ocrx_word' id='word_1_21' title='bbox 317 493 388 549; x_wconf 87' lang='lat' dir='ltr'>spiris</span> <span class='ocrx_word' id='word_1_22' title='bbox 398 496 556 550; x_wconf 84' lang='lat' dir='ltr'>ventosasque</span> <span class='ocrx_word' id='word_1_23' title='bbox 566 494 658 541; x_wconf 89' lang='lat' dir='ltr'>addidit</span> <span class='ocrx_word' id='word_1_24' title='bbox 668 493 728 542; x_wconf 88' lang='lat' dir='ltr'>alas.</span> 
     </span>
     <span class='ocr_line' id='line_1_6' title="bbox 168 561 754 619; baseline -0.002 -9"><span class='ocrx_word' id='word_1_25' title='bbox 168 562 223 610; x_wconf 84' lang='lat' dir='ltr'>Hae</span> <span class='ocrx_word' id='word_1_26' title='bbox 234 561 297 609; x_wconf 84' lang='lat' dir='ltr'>Iovia</span> <span class='ocrx_word' id='word_1_27' title='bbox 307 561 338 609; x_wconf 92' lang='lat' dir='ltr'>ad</span> <span class='ocrx_word' id='word_1_28' title='bbox 347 561 434 609; x_wconf 88' lang='lat' dir='ltr'>solium</span> <span class='ocrx_word' id='word_1_29' title='bbox 444 563 555 618; x_wconf 83' lang='lat' dir='ltr'>saevique</span> <span class='ocrx_word' id='word_1_30' title='bbox 564 562 590 609; x_wconf 94' lang='lat' dir='ltr'>in</span> <span class='ocrx_word' id='word_1_31' title='bbox 599 562 681 609; x_wconf 91' lang='lat' dir='ltr'>limine</span> <span class='ocrx_word' id='word_1_32' title='bbox 690 562 754 619; x_wconf 77' lang='lat' dir='ltr'>regis</span> 
     </span>
    </p>

    <p class='ocr_par' dir='ltr' id='par_1_3' title="bbox 121 630 816 1300">
     <span class='ocr_line' id='line_1_7' title="bbox 121 630 793 688; baseline -0.003 -9"><span class='ocrx_word' id='word_1_33' title='bbox 121 641 156 687; x_wconf 77' lang='lat'>850</span> <span class='ocrx_word' id='word_1_34' title='bbox 168 630 295 686; x_wconf 85' lang='lat' dir='ltr'>apparant,</span> <span class='ocrx_word' id='word_1_35' title='bbox 306 631 443 686; x_wconf 72' lang='lat' dir='ltr'>acuuntque</span> <span class='ocrx_word' id='word_1_36' title='bbox 453 633 545 678; x_wconf 92' lang='lat' dir='ltr'>metum</span> <span class='ocrx_word' id='word_1_37' title='bbox 555 630 696 677; x_wconf 69' lang='lat' dir='ltr'>mortalibus</span> <span class='ocrx_word' id='word_1_38' title='bbox 705 630 793 688; x_wconf 77' lang='lat' dir='ltr'>aegris,</span> 
     </span>
     <span class='ocr_line' id='line_1_8' title="bbox 169 697 812 754; baseline 0.002 -10"><span class='ocrx_word' id='word_1_39' title='bbox 169 698 190 744; x_wconf 88' lang='lat' dir='ltr'>si</span> <span class='ocrx_word' id='word_1_40' title='bbox 199 698 295 752; x_wconf 90' lang='lat' dir='ltr'>quando</span> <span class='ocrx_word' id='word_1_41' title='bbox 303 697 379 744; x_wconf 89' lang='lat' dir='ltr'>letum</span> <span class='ocrx_word' id='word_1_42' title='bbox 389 697 528 745; x_wconf 90' lang='lat' dir='ltr'>horrificum</span> <span class='ocrx_word' id='word_1_43' title='bbox 538 698 678 754; x_wconf 87' lang='lat' dir='ltr'>morbosque</span> <span class='ocrx_word' id='word_1_44' title='bbox 687 699 759 745; x_wconf 92' lang='lat' dir='ltr'>deum</span> <span class='ocrx_word' id='word_1_45' title='bbox 769 713 812 745; x_wconf 82' lang='lat' dir='ltr'>rex</span> 
     </span>
     <span class='ocr_line' id='line_1_9' title="bbox 168 765 706 822; baseline 0.004 -10"><span class='ocrx_word' id='word_1_46' title='bbox 168 765 275 822; x_wconf 87' lang='lat' dir='ltr'>molitur,</span> <span class='ocrx_word' id='word_1_47' title='bbox 286 765 385 812; x_wconf 88' lang='lat' dir='ltr'>meritas</span> <span class='ocrx_word' id='word_1_48' title='bbox 394 767 438 813; x_wconf 89' lang='lat' dir='ltr'>aut</span> <span class='ocrx_word' id='word_1_49' title='bbox 447 766 510 813; x_wconf 90' lang='lat' dir='ltr'>bello</span> <span class='ocrx_word' id='word_1_50' title='bbox 518 767 618 815; x_wconf 88' lang='lat' dir='ltr'>territat</span> <span class='ocrx_word' id='word_1_51' title='bbox 627 766 706 814; x_wconf 85' lang='lat' dir='ltr'>urbes.</span> 
     </span>
     <span class='ocr_line' id='line_1_10' title="bbox 169 834 816 883; baseline 0 -3"><span class='ocrx_word' id='word_1_52' title='bbox 169 834 265 880; x_wconf 89' lang='lat' dir='ltr'>Harum</span> <span class='ocrx_word' id='word_1_53' title='bbox 275 849 350 881; x_wconf 93' lang='lat' dir='ltr'>unam</span> <span class='ocrx_word' id='word_1_54' title='bbox 359 834 460 882; x_wconf 88' lang='lat' dir='ltr'>celerem</span> <span class='ocrx_word' id='word_1_55' title='bbox 470 835 566 882; x_wconf 89' lang='lat' dir='ltr'>demisit</span> <span class='ocrx_word' id='word_1_56' title='bbox 576 835 607 882; x_wconf 90' lang='lat' dir='ltr'>ab</span> <span class='ocrx_word' id='word_1_57' title='bbox 616 836 713 883; x_wconf 90' lang='lat' dir='ltr'>aethere</span> <span class='ocrx_word' id='word_1_58' title='bbox 723 848 816 882; x_wconf 89' lang='lat' dir='ltr'>summo</span> 
     </span>
     <span class='ocr_line' id='line_1_11' title="bbox 169 902 788 958; baseline 0.002 -10"><span class='ocrx_word' id='word_1_59' title='bbox 169 902 280 958; x_wconf 84' lang='lat' dir='ltr'>Iuppiter</span> <span class='ocrx_word' id='word_1_60' title='bbox 288 902 360 958; x_wconf 88' lang='lat' dir='ltr'>inque</span> <span class='ocrx_word' id='word_1_61' title='bbox 369 918 439 951; x_wconf 91' lang='lat' dir='ltr'>omen</span> <span class='ocrx_word' id='word_1_62' title='bbox 449 903 567 951; x_wconf 74' lang='lat' dir='ltr'>Iuturnae</span> <span class='ocrx_word' id='word_1_63' title='bbox 576 919 700 951; x_wconf 86' lang='lat' dir='ltr'>occurrere</span> <span class='ocrx_word' id='word_1_64' title='bbox 710 903 788 950; x_wconf 85' lang='lat' dir='ltr'>iussit.</span> 
     </span>
     <span class='ocr_line' id='line_1_12' title="bbox 169 970 761 1027; baseline 0 -9"><span class='ocrx_word' id='word_1_65' title='bbox 169 970 216 1018; x_wconf 88' lang='lat' dir='ltr'>Illa</span> <span class='ocrx_word' id='word_1_66' title='bbox 224 970 291 1018; x_wconf 87' lang='lat' dir='ltr'>volat</span> <span class='ocrx_word' id='word_1_67' title='bbox 300 971 417 1027; x_wconf 88' lang='lat' dir='ltr'>celerique</span> <span class='ocrx_word' id='word_1_68' title='bbox 426 971 458 1018; x_wconf 88' lang='lat' dir='ltr'>ad</span> <span class='ocrx_word' id='word_1_69' title='bbox 466 974 557 1019; x_wconf 83' lang='lat' dir='ltr'>terram</span> <span class='ocrx_word' id='word_1_70' title='bbox 567 972 663 1019; x_wconf 87' lang='lat' dir='ltr'>turbine</span> <span class='ocrx_word' id='word_1_71' title='bbox 672 972 761 1019; x_wconf 77' lang='lat' dir='ltr'>fertur.</span> 
     </span>
     <span class='ocr_line' id='line_1_13' title="bbox 168 1039 798 1097; baseline -0.002 -11"><span class='ocrx_word' id='word_1_72' title='bbox 168 1039 193 1086; x_wconf 88' lang='lat' dir='ltr'>N</span> <span class='ocrx_word' id='word_1_73' title='bbox 193 1054 224 1086; x_wconf 89' lang='lat' dir='ltr'>on</span> <span class='ocrx_word' id='word_1_74' title='bbox 234 1053 301 1087; x_wconf 84' lang='lat' dir='ltr'>secus</span> <span class='ocrx_word' id='word_1_75' title='bbox 312 1055 340 1087; x_wconf 87' lang='lat' dir='ltr'>ac</span> <span class='ocrx_word' id='word_1_76' title='bbox 350 1055 425 1088; x_wconf 86' lang='lat' dir='ltr'>nervo</span> <span class='ocrx_word' id='word_1_77' title='bbox 434 1056 477 1096; x_wconf 87' lang='lat' dir='ltr'>per</span> <span class='ocrx_word' id='word_1_78' title='bbox 486 1041 575 1088; x_wconf 91' lang='lat' dir='ltr'>nubem</span> <span class='ocrx_word' id='word_1_79' title='bbox 584 1041 689 1097; x_wconf 81' lang='lat' dir='ltr'>impulsa</span> <span class='ocrx_word' id='word_1_80' title='bbox 699 1040 798 1097; x_wconf 71' lang='lat' dir='ltr'>sagitta,</span> 
     </span>
     <span class='ocr_line' id='line_1_14' title="bbox 167 1108 732 1164; baseline 0 -10"><span class='ocrx_word' id='word_1_81' title='bbox 167 1109 287 1154; x_wconf 89' lang='lat' dir='ltr'>armatam</span> <span class='ocrx_word' id='word_1_82' title='bbox 297 1108 362 1156; x_wconf 84' lang='lat' dir='ltr'>saevi</span> <span class='ocrx_word' id='word_1_83' title='bbox 372 1109 479 1156; x_wconf 89' lang='lat' dir='ltr'>Parthus</span> <span class='ocrx_word' id='word_1_84' title='bbox 489 1124 562 1164; x_wconf 90' lang='lat' dir='ltr'>quam</span> <span class='ocrx_word' id='word_1_85' title='bbox 572 1109 628 1155; x_wconf 83' lang='lat' dir='ltr'>felle</span> <span class='ocrx_word' id='word_1_86' title='bbox 638 1108 732 1164; x_wconf 84' lang='lat' dir='ltr'>veneni,</span> 
     </span>
     <span class='ocr_line' id='line_1_15' title="bbox 168 1175 804 1232; baseline -0.002 -10"><span class='ocrx_word' id='word_1_87' title='bbox 168 1176 275 1222; x_wconf 86' lang='lat' dir='ltr'>Parthus</span> <span class='ocrx_word' id='word_1_88' title='bbox 285 1176 334 1222; x_wconf 83' lang='lat' dir='ltr'>sive</span> <span class='ocrx_word' id='word_1_89' title='bbox 344 1176 436 1232; x_wconf 77' lang='lat' dir='ltr'>cydon,</span> <span class='ocrx_word' id='word_1_90' title='bbox 446 1176 523 1222; x_wconf 89' lang='lat' dir='ltr'>telum</span> <span class='ocrx_word' id='word_1_91' title='bbox 531 1175 713 1231; x_wconf 77' lang='lat' dir='ltr'>immedicabile,</span> <span class='ocrx_word' id='word_1_92' title='bbox 724 1175 804 1230; x_wconf 89' lang='lat' dir='ltr'>torsit,</span> 
     </span>
     <span class='ocr_line' id='line_1_16' title="bbox 169 1243 777 1300; baseline -0.003 -10"><span class='ocrx_word' id='word_1_93' title='bbox 169 1243 273 1290; x_wconf 81' lang='lat' dir='ltr'>stridens</span> <span class='ocrx_word' id='word_1_94' title='bbox 282 1244 308 1290; x_wconf 92' lang='lat' dir='ltr'>et</span> <span class='ocrx_word' id='word_1_95' title='bbox 317 1244 406 1291; x_wconf 86' lang='lat' dir='ltr'>celeres</span> <span class='ocrx_word' id='word_1_96' title='bbox 415 1243 539 1300; x_wconf 72' lang='lat' dir='ltr'>incognita</span> <span class='ocrx_word' id='word_1_97' title='bbox 547 1243 654 1289; x_wconf 88' lang='lat' dir='ltr'>transilit</span> <span class='ocrx_word' id='word_1_98' title='bbox 664 1243 762 1290; x_wconf 79' lang='lat' dir='ltr'>umbrae</span> <span class='ocrx_word' id='word_1_99' title='bbox 772 1263 777 1288; x_wconf 74' lang='grc' dir='ltr'>ι</span> 
     </span>
    </p>

    <p class='ocr_par' dir='ltr' id='par_1_4' title="bbox 122 1311 841 2051">
     <span class='ocr_line' id='line_1_17' title="bbox 122 1311 718 1367; baseline -0.005 -6"><span class='ocrx_word' id='word_1_100' title='bbox 122 1323 159 1362; x_wconf 79' lang='lat'>860</span> <span class='ocrx_word' id='word_1_101' title='bbox 169 1311 226 1358; x_wconf 84' lang='lat' dir='ltr'>talis</span> <span class='ocrx_word' id='word_1_102' title='bbox 236 1325 262 1358; x_wconf 89' lang='lat' dir='ltr'>se</span> <span class='ocrx_word' id='word_1_103' title='bbox 271 1312 326 1357; x_wconf 89' lang='lat' dir='ltr'>sata</span> <span class='ocrx_word' id='word_1_104' title='bbox 334 1311 413 1358; x_wconf 86' lang='lat' dir='ltr'>Necte</span> <span class='ocrx_word' id='word_1_105' title='bbox 422 1311 481 1357; x_wconf 88' lang='lat' dir='ltr'>tulit</span> <span class='ocrx_word' id='word_1_106' title='bbox 490 1312 614 1366; x_wconf 89' lang='lat' dir='ltr'>terrasque</span> <span class='ocrx_word' id='word_1_107' title='bbox 624 1311 718 1367; x_wconf 88' lang='lat' dir='ltr'>petivit.</span> 
     </span>
     <span class='ocr_line' id='line_1_18' title="bbox 169 1377 829 1436; baseline -0.002 -11"><span class='ocrx_word' id='word_1_108' title='bbox 169 1379 302 1434; x_wconf 86' lang='lat' dir='ltr'>Postquam</span> <span class='ocrx_word' id='word_1_109' title='bbox 312 1377 374 1425; x_wconf 88' lang='lat' dir='ltr'>acies</span> <span class='ocrx_word' id='word_1_110' title='bbox 384 1378 450 1425; x_wconf 82' lang='lat' dir='ltr'>videt</span> <span class='ocrx_word' id='word_1_111' title='bbox 460 1378 546 1426; x_wconf 83' lang='lat' dir='ltr'>Iliacas</span> <span class='ocrx_word' id='word_1_112' title='bbox 556 1380 628 1434; x_wconf 86' lang='lat' dir='ltr'>atque</span> <span class='ocrx_word' id='word_1_113' title='bbox 637 1379 735 1436; x_wconf 74' lang='lat' dir='ltr'>agmina</span> <span class='ocrx_word' id='word_1_114' title='bbox 744 1379 829 1435; x_wconf 80' lang='lat' dir='ltr'>Turni,</span> 
     </span>
     <span class='ocr_line' id='line_1_19' title="bbox 170 1446 714 1504; baseline -0.004 -9"><span class='ocrx_word' id='word_1_115' title='bbox 170 1447 235 1495; x_wconf 85' lang='lat' dir='ltr'>alitis</span> <span class='ocrx_word' id='word_1_116' title='bbox 244 1446 270 1492; x_wconf 88' lang='lat' dir='ltr'>in</span> <span class='ocrx_word' id='word_1_117' title='bbox 279 1460 369 1501; x_wconf 85' lang='lat' dir='ltr'>parvae</span> <span class='ocrx_word' id='word_1_118' title='bbox 378 1446 483 1492; x_wconf 89' lang='lat' dir='ltr'>subitam</span> <span class='ocrx_word' id='word_1_119' title='bbox 494 1446 593 1494; x_wconf 89' lang='lat' dir='ltr'>collecta</span> <span class='ocrx_word' id='word_1_120' title='bbox 602 1447 714 1504; x_wconf 77' lang='lat' dir='ltr'>figuram,</span> 
     </span>
     <span class='ocr_line' id='line_1_20' title="bbox 169 1514 797 1572; baseline -0.002 -10"><span class='ocrx_word' id='word_1_121' title='bbox 169 1529 230 1572; x_wconf 88' lang='lat' dir='ltr'>qnae</span> <span class='ocrx_word' id='word_1_122' title='bbox 240 1514 360 1570; x_wconf 89' lang='lat' dir='ltr'>quondam</span> <span class='ocrx_word' id='word_1_123' title='bbox 369 1514 395 1561; x_wconf 93' lang='lat' dir='ltr'>in</span> <span class='ocrx_word' id='word_1_124' title='bbox 403 1514 481 1561; x_wconf 86' lang='lat' dir='ltr'>bustis</span> <span class='ocrx_word' id='word_1_125' title='bbox 491 1516 535 1562; x_wconf 88' lang='lat' dir='ltr'>aut</span> <span class='ocrx_word' id='word_1_126' title='bbox 544 1515 688 1563; x_wconf 84' lang='lat' dir='ltr'>culminibus</span> <span class='ocrx_word' id='word_1_127' title='bbox 697 1514 797 1563; x_wconf 79' lang='lat' dir='ltr'>desertis</span> 
     </span>
     <span class='ocr_line' id='line_1_21' title="bbox 170 1581 817 1640; baseline -0.005 -8"><span class='ocrx_word' id='word_1_128' title='bbox 170 1586 241 1632; x_wconf 86' lang='lat' dir='ltr'>nocte</span> <span class='ocrx_word' id='word_1_129' title='bbox 251 1581 335 1630; x_wconf 88' lang='lat' dir='ltr'>sedens</span> <span class='ocrx_word' id='word_1_130' title='bbox 345 1597 425 1630; x_wconf 88' lang='lat' dir='ltr'>serum</span> <span class='ocrx_word' id='word_1_131' title='bbox 434 1583 501 1630; x_wconf 84' lang='lat' dir='ltr'>canit</span> <span class='ocrx_word' id='word_1_132' title='bbox 509 1583 649 1639; x_wconf 88' lang='lat' dir='ltr'>importuna</span> <span class='ocrx_word' id='word_1_133' title='bbox 658 1599 701 1640; x_wconf 86' lang='lat' dir='ltr'>per</span> <span class='ocrx_word' id='word_1_134' title='bbox 710 1583 817 1640; x_wconf 84' lang='lat' dir='ltr'>umbras,</span> 
     </span>
     <span class='ocr_line' id='line_1_22' title="bbox 170 1650 740 1708; baseline -0.002 -9"><span class='ocrx_word' id='word_1_135' title='bbox 170 1653 233 1700; x_wconf 88' lang='lat' dir='ltr'>hanc</span> <span class='ocrx_word' id='word_1_136' title='bbox 240 1666 311 1698; x_wconf 85' lang='lat' dir='ltr'>versa</span> <span class='ocrx_word' id='word_1_137' title='bbox 319 1650 441 1699; x_wconf 83' lang='lat' dir='ltr'>infaciem</span> <span class='ocrx_word' id='word_1_138' title='bbox 451 1651 528 1699; x_wconf 81' lang='lat' dir='ltr'>Turni</span> <span class='ocrx_word' id='word_1_139' title='bbox 538 1666 563 1698; x_wconf 90' lang='lat' dir='ltr'>se</span> <span class='ocrx_word' id='word_1_140' title='bbox 573 1652 647 1708; x_wconf 84' lang='lat' dir='ltr'>pestis</span> <span class='ocrx_word' id='word_1_141' title='bbox 657 1652 687 1699; x_wconf 93' lang='lat' dir='ltr'>ob</span> <span class='ocrx_word' id='word_1_142' title='bbox 696 1667 740 1699; x_wconf 86' lang='lat' dir='ltr'>ora</span> 
     </span>
     <span class='ocr_line' id='line_1_23' title="bbox 169 1719 841 1778; baseline -0.004 -9"><span class='ocrx_word' id='word_1_143' title='bbox 169 1722 265 1777; x_wconf 84' lang='lat' dir='ltr'>fertque</span> <span class='ocrx_word' id='word_1_144' title='bbox 287 1719 409 1776; x_wconf 82' lang='lat' dir='ltr'>refertque</span> <span class='ocrx_word' id='word_1_145' title='bbox 428 1735 524 1778; x_wconf 89' lang='lat' dir='ltr'>sonans,</span> <span class='ocrx_word' id='word_1_146' title='bbox 544 1721 692 1777; x_wconf 84' lang='lat' dir='ltr'>clipeumque</span> <span class='ocrx_word' id='word_1_147' title='bbox 716 1720 841 1768; x_wconf 81' lang='lat' dir='ltr'>everberat</span> 
     </span>
     <span class='ocr_line' id='line_1_24' title="bbox 170 1858 739 1916; baseline 0 -10"><span class='ocrx_word' id='word_1_148' title='bbox 170 1859 218 1907; x_wconf 90' lang='lat' dir='ltr'>Olli</span> <span class='ocrx_word' id='word_1_149' title='bbox 228 1861 336 1908; x_wconf 86' lang='lat' dir='ltr'>membra</span> <span class='ocrx_word' id='word_1_150' title='bbox 344 1874 420 1907; x_wconf 82' lang='lat' dir='ltr'>novus</span> <span class='ocrx_word' id='word_1_151' title='bbox 430 1858 501 1906; x_wconf 83' lang='lat' dir='ltr'>solvit</span> <span class='ocrx_word' id='word_1_152' title='bbox 511 1859 638 1908; x_wconf 82' lang='lat' dir='ltr'>formidine</span> <span class='ocrx_word' id='word_1_153' title='bbox 647 1862 739 1916; x_wconf 84' lang='lat' dir='ltr'>torpor,</span> 
     </span>
     <span class='ocr_line' id='line_1_25' title="bbox 169 1925 840 1985; baseline -0.01 -8"><span class='ocrx_word' id='word_1_154' title='bbox 169 1931 323 1985; x_wconf 86' lang='lat' dir='ltr'>arrectaeque</span> <span class='ocrx_word' id='word_1_155' title='bbox 333 1929 431 1976; x_wconf 80' lang='lat' dir='ltr'>homere</span> <span class='ocrx_word' id='word_1_156' title='bbox 441 1942 530 1984; x_wconf 90' lang='lat' dir='ltr'>comae,</span> <span class='ocrx_word' id='word_1_157' title='bbox 540 1931 566 1975; x_wconf 92' lang='lat' dir='ltr'>et</span> <span class='ocrx_word' id='word_1_158' title='bbox 575 1943 622 1975; x_wconf 83' lang='lat' dir='ltr'>vox</span> <span class='ocrx_word' id='word_1_159' title='bbox 633 1927 744 1974; x_wconf 77' lang='lat' dir='ltr'>faucibus</span> <span class='ocrx_word' id='word_1_160' title='bbox 754 1925 840 1971; x_wconf 82' lang='lat' dir='ltr'>haesit.</span> 
     </span>
     <span class='ocr_line' id='line_1_26' title="bbox 171 1993 771 2051; baseline -0.005 -9"><span class='ocrx_word' id='word_1_161' title='bbox 171 1997 206 2042; x_wconf 87' lang='lat' dir='ltr'>At</span> <span class='ocrx_word' id='word_1_162' title='bbox 216 1996 299 2051; x_wconf 86' lang='lat' dir='ltr'>procul</span> <span class='ocrx_word' id='word_1_163' title='bbox 308 1999 338 2042; x_wconf 92' lang='lat' dir='ltr'>ut</span> <span class='ocrx_word' id='word_1_164' title='bbox 347 1997 422 2043; x_wconf 85' lang='lat' dir='ltr'>Dirae</span> <span class='ocrx_word' id='word_1_165' title='bbox 431 1995 559 2042; x_wconf 85' lang='lat' dir='ltr'>stridorem</span> <span class='ocrx_word' id='word_1_166' title='bbox 569 1995 668 2050; x_wconf 71' lang='lat' dir='ltr'>agnovit</span> <span class='ocrx_word' id='word_1_167' title='bbox 677 1996 704 2040; x_wconf 89' lang='lat' dir='ltr'>et</span> <span class='ocrx_word' id='word_1_168' title='bbox 711 1993 771 2044; x_wconf 82' lang='lat' dir='ltr'>alas</span> 
     </span>
    </p>

    <p class='ocr_par' dir='ltr' id='par_1_5' title="bbox 123 2061 664 2117">
     <span class='ocr_line' id='line_1_27' title="bbox 123 2061 664 2117; baseline 0.002 -12"><span class='ocrx_word' id='word_1_169' title='bbox 123 2069 160 2117; x_wconf 82' lang='lat'>870</span> <span class='ocrx_word' id='word_1_170' title='bbox 171 2063 255 2110; x_wconf 79' lang='lat' dir='ltr'>infelix</span> <span class='ocrx_word' id='word_1_171' title='bbox 264 2062 342 2109; x_wconf 83' lang='lat' dir='ltr'>crines</span> <span class='ocrx_word' id='word_1_172' title='bbox 351 2062 440 2109; x_wconf 82' lang='lat' dir='ltr'>scindit</span> <span class='ocrx_word' id='word_1_173' title='bbox 448 2061 555 2107; x_wconf 86' lang='lat' dir='ltr'>Iuturna</span> <span class='ocrx_word' id='word_1_174' title='bbox 564 2061 664 2115; x_wconf 86' lang='lat' dir='ltr'>solutos,</span> 
     </span>
    </p>
   </div>
   <div class='ocr_carea' id='block_1_3' title="bbox 172 2123 845 2249">
    <p class='ocr_par' dir='ltr' id='par_1_6' title="bbox 172 2123 845 2249">
     <span class='ocr_line' id='line_1_28' title="bbox 172 2123 781 2184; baseline -0.01 -9"><span class='ocrx_word' id='word_1_175' title='bbox 172 2129 292 2184; x_wconf 76' lang='lat' dir='ltr'>unguibus</span> <span class='ocrx_word' id='word_1_176' title='bbox 302 2142 345 2174; x_wconf 86' lang='lat' dir='ltr'>ora</span> <span class='ocrx_word' id='word_1_177' title='bbox 354 2140 422 2173; x_wconf 85' lang='lat' dir='ltr'>seror</span> <span class='ocrx_word' id='word_1_178' title='bbox 430 2125 529 2170; x_wconf 74' lang='lat' dir='ltr'>foedans</span> <span class='ocrx_word' id='word_1_179' title='bbox 538 2129 564 2172; x_wconf 88' lang='lat' dir='ltr'>at</span> <span class='ocrx_word' id='word_1_180' title='bbox 573 2127 671 2179; x_wconf 72' lang='lat' dir='ltr'>pectora</span> <span class='ocrx_word' id='word_1_181' title='bbox 679 2123 781 2179; x_wconf 71' lang='lat' dir='ltr'>pugnis·</span> 
     </span>
     <span class='ocr_line' id='line_1_29' title="bbox 175 2188 845 2249; baseline -0.009 -7.863"><span class='ocrx_word' id='word_1_182' title='bbox 175 2208 241 2249; x_wconf 56' lang='lat' dir='ltr'>qzn</span> <span class='ocrx_word' id='word_1_183' title='bbox 289 2195 377 2239; x_wconf 52' lang='lat' dir='ltr'>nic-l</span> <span class='ocrx_word' id='word_1_184' title='bbox 370 2195 412 2236; x_wconf 70' lang='lat' dir='ltr'>‘u</span> <span class='ocrx_word' id='word_1_185' title='bbox 407 2191 521 2239; x_wconf 76' lang='lat' dir='ltr'>.&#39;l¹nrne</span> <span class='ocrx_word' id='word_1_186' title='bbox 531 2192 611 2246; x_wconf 84' lang='lat' dir='ltr'>potest</span> <span class='ocrx_word' id='word_1_187' title='bbox 620 2205 737 2246; x_wconf 75' lang='lat' dir='ltr'>germana</span> <span class='ocrx_word' id='word_1_188' title='bbox 745 2188 845 2235; x_wconf 79' lang='lat' dir='ltr'>iuvare?</span> 
     </span>
    </p>
   </div>
   <div class='ocr_carea' id='block_1_4' title="bbox 155 2254 832 2507">
    <p class='ocr_par' dir='ltr' id='par_1_7' title="bbox 155 2254 821 2321">
     <span class='ocr_line' id='line_1_30' title="bbox 155 2254 821 2321; baseline -0.011 -13.635"><span class='ocrx_word' id='word_1_189' title='bbox 155 2262 340 2321; x_wconf 68' lang='lat' dir='ltr'>rtqur</span> <span class='ocrx_word' id='word_1_190' title='bbox 352 2254 821 2311; x_wconf 69' lang='lat' dir='ltr'>rineuttmrhrlquatrbrlucem</span> 
     </span>
    </p>

    <p class='ocr_par' dir='ltr' id='par_1_8' title="bbox 348 2323 832 2381">
     <span class='ocr_line' id='line_1_31' title="bbox 348 2323 832 2381; baseline -0.01 -10"><span class='ocrx_word' id='word_1_191' title='bbox 348 2350 352 2359; x_wconf 91' lang='lat'>·</span> <span class='ocrx_word' id='word_1_192' title='bbox 391 2326 480 2381; x_wconf 48' lang='lat' dir='ltr'>·=&#39;;-.-s</span> <span class='ocrx_word' id='word_1_193' title='bbox 482 2346 504 2369; x_wconf 64' lang='grc' dir='ltr'>ιι</span> <span class='ocrx_word' id='word_1_194' title='bbox 487 2323 832 2378; x_wconf 64' lang='lat' dir='ltr'>rimeopponcramonstro?</span> 
     </span>
    </p>

    <p class='ocr_par' dir='ltr' id='par_1_9' title="bbox 358 2389 811 2507">
     <span class='ocr_line' id='line_1_32' title="bbox 358 2389 811 2442; baseline -0.013 -2"><span class='ocrx_word' id='word_1_195' title='bbox 358 2416 362 2421; x_wconf 91' lang='lat'>·</span> <span class='ocrx_word' id='word_1_196' title='bbox 382 2395 451 2441; x_wconf 48' lang='lat' dir='ltr'>scire.</span> <span class='ocrx_word' id='word_1_197' title='bbox 482 2392 519 2439; x_wconf 84' lang='lat' dir='ltr'>Ne</span> <span class='ocrx_word' id='word_1_198' title='bbox 528 2407 567 2440; x_wconf 92' lang='lat' dir='ltr'>me</span> <span class='ocrx_word' id='word_1_199' title='bbox 575 2392 667 2438; x_wconf 84' lang='lat' dir='ltr'>terrete</span> <span class='ocrx_word' id='word_1_200' title='bbox 675 2389 811 2442; x_wconf 84' lang='lat' dir='ltr'>timentem,</span> 
     </span>
     <span class='ocr_line' id='line_1_33' title="bbox 465 2459 723 2507; baseline -0.016 0"><span class='ocrx_word' id='word_1_201' title='bbox 465 2476 531 2507; x_wconf 75' lang='lat' dir='ltr'>uum</span> <span class='ocrx_word' id='word_1_202' title='bbox 541 2459 642 2507; x_wconf 85' lang='lat' dir='ltr'>verbera</span> <span class='ocrx_word' id='word_1_203' title='bbox 651 2471 723 2504; x_wconf 87' lang='lat' dir='ltr'>nosco</span> 
     </span>
    </p>
   </div>
   <div class='ocr_carea' id='block_1_5' title="bbox 149 2346 337 2463">
    <p class='ocr_par' dir='ltr' id='par_1_10' title="bbox 149 2346 337 2463">
     <span class='ocr_line' id='line_1_34' title="bbox 149 2346 273 2399; baseline 0.008 -16"><span class='ocrx_word' id='word_1_204' title='bbox 149 2346 201 2385; x_wconf 67' lang='lat' dir='ltr'>:sb-</span> <span class='ocrx_word' id='word_1_205' title='bbox 211 2359 273 2399; x_wconf 53' lang='lat' dir='ltr'>mmk</span> 
     </span>
     <span class='ocr_line' id='line_1_35' title="bbox 150 2407 337 2463; baseline -0.011 -12"><span class='ocrx_word' id='word_1_206' title='bbox 150 2407 190 2451; x_wconf 59' lang='lat' dir='ltr'>if?</span> <span class='ocrx_word' id='word_1_207' title='bbox 204 2412 249 2463; x_wconf 68' lang='grc' dir='ltr'>ξηῃ,</span> <span class='ocrx_word' id='word_1_208' title='bbox 263 2420 269 2449; x_wconf 92' lang='lat' dir='ltr'>l</span> <span class='ocrx_word' id='word_1_209' title='bbox 334 2444 337 2449; x_wconf 92' lang='lat'><em>.</em></span> 
     </span>
    </p>
   </div>
   <div class='ocr_carea' id='block_1_6' title="bbox 0 0 997 3164">
    <p class='ocr_par' dir='ltr' id='par_1_11' title="bbox 0 0 997 3164">
     <span class='ocr_line' id='line_1_36' title="bbox 0 0 997 3164; baseline 0 0"><span class='ocrx_word' id='word_1_210' title='bbox 0 0 997 3164; x_wconf 95' lang='lat' dir='ltr'> </span> 
     </span>
    </p>
   </div>
  </div>
 </body>
</html>
