1972 3164
425 171 536 213 AENEIS.
561 175 596 213 III

172 269 288 317 Praestat
299 269 418 317 Trinacrii
427 271 505 318 metas
515 270 621 328 lustrare
631 271 738 329 Pachyni

123 357 162 396 ⁴30
172 340 316 395 cessantem,
325 337 411 396 longos
420 341 446 386 et
456 338 643 388 circumflectere
653 356 747 399 cursus,

171 421 245 462 quam
255 405 328 454 semel
337 407 465 454 informem
476 409 546 454 vasto
555 408 642 455 vidisse
652 409 697 456 sub
706 411 778 457 antro

171 474 277 530 Scyllam
287 476 312 523 et
321 475 437 523 caeruleis
447 475 546 523 canibus
556 477 695 524 resonantia
704 493 771 525 saxa.

171 543 304 592 Praeterea
313 544 333 592 si
342 560 390 601 qua
399 545 437 592 est
447 544 541 592 Heleno
550 545 689 604 prudentia,
699 547 752 594 vati

156 611 159 614 ’
170 611 193 659 si
202 627 251 668 qua
259 611 327 670 fides,
337 612 445 659 animum
455 612 476 660 si
485 612 548 659 veris
557 611 642 668 implet
652 614 749 672 Apollo,

170 695 250 727 unum
259 680 320 727 illud
329 681 382 738 tibi,
392 684 450 728 nete
461 680 513 738 dea,
524 695 614 736 proque
624 682 735 729 omuibus
744 697 821 729 unum
855 686 856 691 ’

170 748 310 806 praedicam
328 751 354 797 et
370 751 483 805 repetens
497 749 633 806 iterumque
648 750 784 808 iterumque
801 766 850 798 mo·

226 817 303 866 nebo:

171 885 273 933 Iunonis
282 901 386 944 magnae
396 886 501 943 primum
510 902 581 943 prece
590 902 680 935 numen
690 887 773 945 adora,

171 953 262 1002 Iunoni
271 971 330 1003 cane
339 957 398 1002 vota
406 955 482 1002 libens
492 955 660 1012 dominamque
669 957 794 1012 potentem

171 1022 320 1079 supplicibus
330 1038 418 1080 supera
426 1023 503 1080 donis,
514 1023 549 1073 sic
558 1024 659 1080 denique
669 1025 747 1072 victor

124 1114 162 1152 ⁴40
172 1090 300 1139 'Irinacria
309 1091 368 1138 fines
378 1091 455 1139 Italos
464 1093 562 1140 mittere
572 1092 666 1140 relicta.

171 1160 230 1207 Huc
240 1160 282 1207 ubi
291 1160 387 1208 deletus
397 1161 526 1216 Cymaeam
536 1161 665 1209 accesseris
674 1160 760 1208 urbem

170 1228 311 1284 divinosque
318 1228 386 1276 lacus
396 1230 421 1275 et
430 1230 530 1276 Averna
540 1229 653 1276 sonantia
662 1228 738 1285 silvis,

170 1296 283 1343 insanam
292 1298 373 1344 vatem
383 1296 492 1355 aspicies,
503 1312 565 1354 quae
575 1312 635 1353 rupe
646 1296 690 1343 sub
700 1297 750 1343 ima

170 1364 226 1412 iata
236 1364 302 1413 canit
314 1364 423 1422 foliisque
433 1368 504 1413 notas
514 1367 540 1413 et
549 1365 648 1412 nomina
657 1364 766 1411 mandat.

170 1433 341 1490 Quaecumque
349 1433 375 1480 in
385 1433 449 1481 foliis
457 1433 584 1490 descripsit
594 1432 703 1481 carmina
712 1432 790 1489 virgo,

169 1502 260 1559 digerit
269 1502 295 1549 in
304 1518 432 1550 numerum
442 1504 515 1559 atque
525 1504 597 1550 antro
607 1501 700 1548 seclusa
711 1500 834 1557 relinquit,

168 1571 214 1618 illa
223 1573 323 1618 manent
332 1571 433 1618 immota
441 1571 499 1619 locis
508 1586 586 1626 neque
596 1570 627 1617 ab
637 1570 720 1617 ordine
730 1569 828 1616 cedunt.

169 1639 263 1687 Verum
273 1640 365 1697 eadem,
375 1655 445 1687 verso
453 1639 533 1688 tenuis
544 1655 599 1687 cum
609 1638 706 1686 cardine
716 1639 804 1684 ventus

168 1707 269 1764 impulit
278 1710 305 1756 et
312 1710 409 1755 teneres
418 1708 529 1755 turbavit
537 1707 612 1755 ianua
621 1706 728 1764 frondes,

122 1797 160 1836 ⁴50
170 1792 304 1832 numquam
313 1776 399 1824 deinde
408 1792 467 1824 cavo
475 1777 604 1823 volitantia
613 1775 730 1832 prendere
741 1790 806 1832 saxo,
859 1823 861 1825 ,

169 1860 216 1893 nec
225 1860 339 1892 revocare
349 1845 410 1892 situs
420 1846 464 1891 aut
473 1844 572 1902 iungere
582 1844 690 1892 carmine
700 1845 771 1891 curat
781 1865 786 1891 :

168 1913 301 1961 inconsulti
311 1913 402 1961 abeunt
412 1914 538 1968 sedemque
547 1913 617 1960 odere
627 1912 741 1968 Sibyllae.

169 1982 221 2029 Hic
230 1980 276 2028 tibi
285 1996 316 2028 ne
326 1996 375 2038 qua
383 1996 464 2028 morae
474 1981 566 2028 fuerint
576 1979 701 2036 dispendia
710 1979 784 2036 tanti,

170 2050 281 2106 quamvis
290 2049 437 2106 increpitent
447 2049 504 2097 socii
513 2052 538 2097 et
548 2049 574 2096 vi
583 2063 668 2096 cursus
677 2048 704 2094 in
714 2047 793 2093 altum

169 2119 226 2166 vele
235 2120 304 2166 vocet
313 2118 435 2174 possisque
445 2118 512 2164 sinus
521 2117 621 2173 implere
631 2115 756 2171 secundos,

169 2186 229 2243 quin
239 2188 311 2234 adeas
320 2189 402 2234 vatem
412 2187 569 2242 precibusque
578 2184 677 2233 oracula
686 2197 771 2239 poscas

168 2256 224 2311 ipsa
233 2258 314 2312 canat,
324 2270 453 2311 vocemque
463 2254 546 2302 volens
555 2255 628 2309 amne
637 2267 680 2298 cra
690 2250 804 2299 resolvat.

170 2324 220 2371 Illa
230 2324 275 2370 tibi
284 2323 372 2371 Italiae
381 2324 482 2379 populos
492 2325 643 2377 venturaque
652 2319 724 2374 bella,

170 2394 197 2440 et
207 2407 253 2448 quo
261 2407 377 2449 quemque
387 2392 457 2440 modo
466 2390 592 2448 fumusque
602 2389 714 2443 ferasque
724 2386 841 2444 laborem,

122 2475 161 2526 460
171 2461 292 2580 expediyeyt3
302 2475 433 2518 cursusque
443 2459 511 2508 dabit
520 2459 637 2507 venerata
646 2456 770 2504 secundos.
