1972 3164
416 179 566 222 GEORGIOA
591 182 603 220 1

174 276 220 324 aut
230 272 304 324 cuuis
317 273 385 333 capti
394 273 476 326 fodere
486 275 575 325 cubilia
584 275 675 336 talpae,

173 344 334 402 inventusque
344 345 409 393 cavis
418 345 479 394 bufo
487 348 513 394 et
523 361 585 403 quae
594 346 701 402 plurima
712 348 794 396 terrae

174 413 387 472 monstraieruut,
402 415 550 472 populatque
558 416 683 472 ingentem
697 415 772 464 larris
785 432 850 465 accr-

173 497 365 612 mmluliblabque
374 551 441 609 inopi
450 554 560 600 metucns
570 551 672 601 formica
681 555 800 602 senectae.

172 619 358 676 Contemplator
367 620 435 679 item,
446 636 501 668 cum
511 636 537 669 se
545 637 597 668 nux
606 620 712 677 plurima
721 621 789 670 silvis

171 687 260 736 induet
269 688 295 736 iu
305 689 387 736 florem
397 691 424 737 et
432 705 513 737 ramos
522 689 633 738 curvabit
642 689 735 738 olentes
745 711 751 738 ε

172 755 196 804 si
206 758 323 812 superant
332 755 406 815 fetus,
417 757 510 814 pariter
518 757 644 805 frumenta
653 761 793 814 sequentur,

123 847 163 886 190
173 840 310 882 magnaque
320 841 375 874 cum
385 841 474 883 magno
483 826 564 874 veniet
575 826 668 872 tritura
675 826 756 874 calore
764 847 770 885 ;

173 894 203 941 at
213 891 456 941 siluxuriafoliorum
464 893 580 941 exuberat
586 893 681 951 umbra,

172 960 320 1018 nequiquam
329 961 432 1019 pingues
442 961 513 1018 palea
521 963 587 1009 teret
596 977 654 1008 area
663 961 762 1009 culmos.

174 1028 275 1078 Semina
283 1029 333 1077 vidi
342 1030 452 1086 equidem
461 1029 552 1077 multos
559 1030 679 1077 medicare
688 1031 804 1087 serentes,

173 1098 201 1144 et
211 1097 277 1145 nitro
284 1097 352 1154 prius
361 1100 387 1146 et
397 1098 467 1155 nigra
474 1097 619 1155 perfundere
629 1113 736 1155 amurca,

173 1166 291 1222 grandior
300 1167 328 1214 ut
336 1165 402 1214 fetus
412 1166 503 1223 siliquis
512 1165 641 1215 fallacibus
651 1168 722 1225 essct,

173 1234 201 1281 et
211 1233 320 1289 quamvis
329 1234 380 1292 igni
388 1234 475 1292 exiguo
484 1237 616 1292 properata
621 1235 756 1282 maderent.

174 1299 235 1349 Vidi
243 1301 307 1350 lecta
315 1302 358 1350 diu
363 1305 389 1351 et
398 1303 476 1351 multo
486 1304 598 1360 spectata
606 1302 688 1349 labore

174 1369 323 1428 degenerare
332 1373 424 1429 tamen,
434 1371 460 1419 ni
469 1371 506 1419 vis
515 1371 623 1418 bumana
632 1368 761 1426 quotannis

175 1438 283 1485 maxima
291 1454 398 1496 quaeque
408 1455 484 1488 manu
492 1439 593 1497 legeret.
624 1438 663 1486 Sic
673 1436 754 1485 omnia
762 1435 822 1483 fatis

124 1530 165 1557 200
174 1505 203 1554 in
212 1505 280 1563 peius
289 1523 359 1556 ruere
369 1523 398 1557 ao
407 1510 475 1557 retro
484 1508 599 1564 sublapsa
608 1506 704 1564 referri,

175 1590 227 1624 nou
236 1575 307 1624 aliter
316 1592 388 1633 quam
398 1577 439 1634 qui
448 1577 549 1624 adverso
558 1576 599 1623 vix
609 1575 707 1622 flumine
716 1574 823 1622 lembum

175 1644 283 1702 remigiis
293 1644 391 1702 subigit,
402 1645 423 1691 si
431 1639 544 1693 bracchia
553 1643 617 1692 forte
625 1643 727 1701 remisit,

175 1714 250 1769 atque
258 1712 327 1760 illum
336 1728 451 1770 praeceps
461 1728 536 1770 prono
546 1713 611 1769 rapit
621 1712 702 1760 alveus
712 1711 786 1759 amni.

204 1780 336 1829 Praeterea
345 1783 398 1830 tam
408 1783 466 1829 sunt
475 1781 576 1830 Arctsffl
585 1782 665 1829 sidera
674 1780 742 1828 nobis

175 1849 364 1906 Haedorumque
374 1849 424 1898 dies
432 1849 545 1898 servandi
553 1851 578 1898 et
588 1850 682 1898 lucidus
688 1847 792 1905 Anguis,

175 1933 249 1974 quam
256 1917 341 1974 quibus
350 1917 376 1965 in
383 1917 489 1974 patriam
497 1919 598 1966 ventosa
606 1933 650 1974 per
659 1931 764 1972 aequora
773 1915 852 1962 vectis

177 1984 273 2033 Pontus
282 1987 308 2034 et
317 1985 426 2033 ostriferi
434 1984 518 2034 fauces
527 1987 681 2041 temptantur
689 1983 777 2039 Abydi.

176 2053 253 2101 Libra
261 2053 299 2101 die
309 2053 432 2110 somniqne
441 2069 512 2110 pares
521 2054 564 2101 ubi
572 2053 658 2101 feccrit
667 2053 748 2109 horas,

175 2123 202 2170 et
211 2121 317 2170 medium
326 2121 375 2170 luci
384 2123 457 2178 atque
467 2121 558 2169 umbris
567 2122 616 2169 iam
626 2120 712 2168 dividit
721 2120 814 2174 orbem,

140 2213 165 2240 10
176 2192 294 2247 exercete.
305 2190 360 2247 viri,
370 2191 463 2248 tauros,
474 2190 547 2238 serite
555 2190 646 2237 hordea
655 2187 746 2243 campis

176 2273 252 2314 usque
259 2258 304 2306 sub
313 2260 449 2307 extremm
457 2258 557 2306 brumae
564 2256 726 2305 intractabilis
732 2254 833 2300 imbrem
843 2272 849 2310 3

175 2342 221 2374 nec
231 2341 280 2374 uon
289 2329 315 2375 et
323 2326 367 2374 lini
376 2329 482 2384 segetem
492 2329 518 2374 et
528 2325 627 2374 Cereale
638 2337 744 2380 papaver

177 2397 274 2451 tempus
297 2395 372 2444 humo
390 2397 473 2453 tegere
497 2397 522 2443 et
546 2393 688 2442 iamdudum
711 2389 850 2437 incumbere

233 2462 330 2519 aratris,

225 2529 234 2579 (
242 2530 283 2581 ss)
