1972 3164
460 235 482 275 P.
495 235 615 276 VERGILI
627 235 756 278 MARONIS

269 332 365 389 iamque
374 333 537 381 ascendebant
546 335 639 392 collem,
649 335 690 390 qui
699 335 817 390 plurimus
826 335 884 384 urbi

222 424 260 461 420
270 401 382 449 imminet
391 402 550 458 adversusque
560 404 670 458 espectet
680 403 783 460 desuper
792 419 869 454 arces.

273 470 380 517 Miretur
386 469 473 517 molem
483 470 586 528 Aeneas,
597 471 703 528 muguliu
711 473 841 530 quondum,

272 539 376 586 miretur
385 541 468 595 portus
478 539 654 596 strepitumque
664 541 689 587 et
699 541 779 588 strete
787 541 892 590 viarum.

271 609 370 656 Instent
380 608 492 655 ardentes
502 608 578 674 Tyrii,
589 624 646 665 pers
656 608 743 657 ducere
753 625 835 658 muros

270 676 395 732 molirique
405 690 484 724 urcem
494 678 519 723 et
529 677 640 723 munibus
650 677 791 726 subvolvere
801 694 869 737 sexu,
931 717 934 721 <

270 759 328 800 pers
338 742 422 800 optere
431 744 510 792 locum
520 745 585 792 tecto
595 747 620 793 et
630 746 771 793 concludere
781 747 856 794 sulco.
933 763 934 766 ¹

269 812 325 859 iure
334 813 538 870 magistratusque
548 813 633 870 legunt
643 815 800 870 sanctumque
810 816 931 864 senatum.

270 880 319 928 Hic
328 882 413 936 portus
422 880 464 928 eiii
473 881 606 938 effodiunt;
621 881 661 929 hic
670 881 722 929 uite
731 883 835 930 theatris

270 948 431 996 fundamenta
439 949 521 996 locant
531 949 581 1007 elii,
590 943 754 1006 immanesque
764 951 889 998 columnus

270 1017 371 1072 rupibus
381 1017 503 1074 excidunt,
515 1017 606 1065 scuenis
616 1017 703 1065 decore
712 1017 765 1065 ulta
773 1019 864 1066 futuris
875 1041 881 1068 ε

221 1104 259 1141 430
271 1085 348 1142 quelis
358 1101 415 1140 upcs
425 1087 518 1133 aestate
528 1101 591 1133 nove
600 1101 643 1142 per
652 1086 727 1134 florea
735 1103 795 1134 rure

270 1155 365 1201 exercet
375 1153 421 1200 sub
430 1154 480 1202 sole
489 1155 566 1212 labor,
577 1171 632 1203 cum
642 1155 722 1212 gentis
731 1155 827 1204 adultos

270 1223 378 1270 educunt
387 1223 461 1280 fetus,
473 1225 517 1271 cut
527 1239 582 1272 cum
591 1224 710 1280 liquentie.
718 1224 792 1272 melle

270 1291 363 1346 stipant
372 1292 397 1338 et
407 1291 472 1339 dulci
481 1292 623 1340 distendunt
633 1294 731 1340 nectere
741 1286 823 1350 cellas,

269 1362 398 1408 cutonem
406 1361 529 1417 accipiunt
538 1361 685 1418 venientum,
696 1362 741 1408 cut
753 1361 849 1418 agmine
860 1361 928 1410 fecto

269 1428 385 1485 ignavum
394 1429 462 1476 fucos
472 1444 545 1485 pecus
555 1445 570 1476 u
579 1429 735 1485 praesepibus
745 1432 845 1487 urcent3

269 1496 349 1544 fervet
358 1512 426 1554 opus,
436 1497 594 1554 redolentque
603 1497 687 1554 thymo
696 1498 836 1555 fragrantia
844 1497 924 1548 melle

271 1564 277 1588 ‘
286 1565 307 1612 0
316 1565 445 1623 fortunati,
457 1581 558 1622 quorum
568 1566 617 1612 iem
626 1566 722 1614 moenie
731 1568 837 1623 surgunt
846 1567 866 1614 i’

269 1633 365 1681 Aeneas
375 1633 418 1691 uit,
429 1636 454 1682 et
464 1634 564 1691 fastigia
573 1634 673 1690 suspicit
683 1633 759 1683 urbis.

270 1701 351 1749 Infert
361 1717 386 1749 sc
396 1704 493 1758 sceptus
503 1702 591 1750 nebule
601 1701 719 1760 (mirabile
729 1702 805 1759 dictu)

221 1793 259 1828 ⁴40
270 1785 313 1825 per
322 1770 411 1818 medios
421 1771 551 1828 miscetque
559 1771 626 1828 viris,
637 1785 713 1827 neque
721 1771 830 1818 cernitur
838 1771 892 1820 ulli.

298 1839 379 1886 Lucus
388 1838 415 1885 iu
424 1839 483 1887 urbe
493 1840 541 1887 fuit
550 1839 637 1896 medic,
647 1839 792 1887 laetissimus
803 1839 913 1894 umbrae,
930 1881 932 1885 .

269 1903 316 1963 quo
326 1907 430 1963 primum
440 1907 526 1955 iactati
534 1907 606 1954 undis
615 1909 641 1955 et
650 1906 747 1954 turbiue
757 1907 832 1956 Poeni

269 1977 373 2024 effodere
381 1977 434 2024 loco
443 1977 548 2034 signum,
558 1976 621 2032 quod
630 1975 697 2032 regia
706 1975 770 2023 Iuno

268 2046 426 2102 monstraret,
437 2046 511 2100 caput
520 2045 582 2092 ueris
592 2044 647 2100 equi
656 2064 662 2091 z
677 2044 711 2093 sic
720 2059 778 2091 nam
787 2043 840 2091 fore
849 2043 913 2092 bello
928 2087 929 2090 ,

268 2113 391 2171 egregium
401 2115 426 2161 et
435 2113 531 2160 fuciiem
540 2113 608 2161 victu
617 2128 661 2168 per
671 2112 767 2160 sueeulc
775 2114 879 2170 gentem.

269 2182 318 2230 Hic
327 2183 444 2238 templum
454 2181 543 2228 Iunoni
551 2181 636 2238 iugens
647 2181 745 2229 Sidonia
754 2180 819 2228 Dido

268 2250 394 2308 condebat,
405 2249 473 2297 donis
482 2250 625 2306 opulentum
634 2251 660 2297 et
669 2249 768 2296 numine
778 2249 856 2306 dirue,

268 2335 340 2366 aerea
349 2319 388 2366 cui
397 2318 512 2376 gradibus
523 2318 655 2375 surgebent
664 2318 749 2365 limine
757 2332 881 2374 nexaeque

269 2403 325 2436 uere
334 2387 425 2445 trabes,
435 2387 528 2434 foribus
538 2387 611 2435 cerdo
621 2387 739 2434 stridebat
748 2385 824 2435 e'e'uis.

287 2507 323 2543 mr.
344 2507 486 2544 uL‘theetri!
533 2522 535 2526 ⁴
611 2511 647 2543 441.
669 2506 820 2542 'umbru’codd.
829 2506 925 2549 plerique.

436 2551 472 2582 cte.
494 2547 671 2590 ‘nixaeque’codu
680 2546 777 2584 nonnulli.

317 2599 387 2649 (¹26)
