1972 3164
423 169 533 212 Asnam.
554 172 586 211 1x

168 268 279 324 Iuppiter
289 270 333 316 aut
342 269 485 325 quicumque
495 267 570 316 oeulis
580 267 640 316 haec
649 268 735 324 aspicit
745 270 834 326 eequis.

122 353 157 379 210
169 336 216 384 Sed
226 337 317 394 siquis,
328 353 389 394 quse
398 338 478 384 multa
486 337 554 385 vides
563 336 700 384 discrimine
709 337 763 396 tali,
861 383 863 386 ,

168 405 189 452 si
198 406 251 462 quis
261 407 287 453 in
296 407 425 454 adversm
435 406 515 462 rapiat
524 421 623 454 casusve
633 406 731 463 deusve,

167 478 192 523 te
203 490 327 532 superesse
337 475 409 522 velim
419 495 425 532 ;
439 477 483 522 tua
492 475 545 522 vita
553 473 648 531 dignior
657 476 732 522 aetas.

168 544 206 591 Sit
216 544 258 600 qui
267 559 305 590 me
316 548 415 600 ruptum
425 560 508 602 pugna
518 544 626 599 pretiove
636 543 790 598 redemptum

168 613 268 660 mandet
277 612 351 660 humo
361 613 439 670 solita,
450 614 494 661 aut
505 612 579 668 siqua
588 611 614 658 id
623 611 735 659 Fortuna
744 611 846 670 vetabit,

168 680 264 728 absenti
276 681 341 728 ferat
351 681 450 729 iuferius
460 683 602 738 decoretque
612 681 731 737 sepulcro.

168 749 225 797 Neu
235 750 310 796 matri
320 750 422 798 miserae
431 751 496 798 tanti
506 751 551 798 sim
560 766 635 799 causa
643 750 742 807 doloris,

169 833 231 875 quse
240 820 265 865 te
275 819 334 875 sola,
345 834 415 875 puer,
426 819 509 866 multis
519 835 533 867 e
542 820 661 868 matribus
672 836 731 869 ausa

170 887 331 944 persequitur,
342 888 425 944 magui
434 903 478 936 nec
488 889 583 936 moenia
591 891 663 938 curat
673 887 794 938 Acestae.'

171 956 216 1003 Ille
226 958 308 1003 autem
319 956 325 977 ‘
336 956 428 1004 Causas
437 958 582 1014 nequiquam
592 958 669 1006 nectis
678 958 771 1014 inanes,

123 1043 161 1072 220
171 1039 216 1072 nec
224 1040 279 1072 meu
288 1025 337 1072 iam
346 1027 442 1073 mutata
451 1025 504 1073 loco
513 1027 634 1074 sententia
644 1026 707 1074 cedit
715 1046 721 1073 ι

172 1092 340 1141 acceleremus’
351 1093 395 1141 ait.
425 1093 517 1150 Vigiles
528 1095 600 1141 simul
609 1095 709 1150 excitat,
718 1093 755 1139 illi

173 1161 304 1209 succedunt
314 1165 458 1219 servantque
469 1163 547 1211 vices:
565 1164 670 1210 statione
679 1162 765 1209 relicte

171 1231 223 1287 ipse
233 1245 311 1278 comes
320 1231 381 1278 Niso
389 1231 511 1288 graditur,
521 1246 651 1289 regemque
660 1230 796 1286 requirunt.

201 1299 290 1347 Cetera
298 1315 342 1355 per
351 1301 431 1347 terras
441 1315 524 1347 omnes
534 1299 650 1346 animalia
660 1314 743 1346 somno

171 1368 288 1415 laxabant
299 1384 368 1416 curas
378 1370 403 1416 et
414 1369 487 1416 corda
495 1368 571 1416 oblita
580 1367 691 1415 laborum
702 1386 709 1424 ;

173 1438 286 1485 ductores
296 1437 417 1484 Teucrum
427 1437 506 1493 primi,
517 1436 612 1484 delecta
620 1436 744 1492 iuventus,

173 1505 299 1554 eonsilium
309 1506 408 1553 summis
418 1505 488 1563 regui
496 1505 526 1552 de
534 1504 607 1552 rebus
618 1503 749 1560 habebunt,

174 1575 232 1631 quid
241 1575 351 1622 facerent
360 1574 442 1629 quisve
452 1574 548 1621 Aeneae
558 1573 607 1620 iam
616 1572 718 1619 nuntius
728 1572 799 1618 esset.

176 1644 250 1691 Stant
259 1643 338 1699 longis
348 1641 431 1689 annixi
440 1642 525 1698 hastis,
536 1643 561 1688 et
572 1643 641 1688 scuta
650 1641 770 1697 tenentes,

127 1731 165 1768 23⁰
176 1715 313 1760 castrorum
323 1713 348 1758 et
358 1710 436 1766 campi
446 1711 532 1758 medio.
563 1710 626 1756 Tum
636 1708 712 1756 Nisus
726 1710 811 1755 etune

176 1780 299 1837 Euryalus
308 1778 436 1826 confestim
445 1778 536 1826 alacres
547 1778 671 1826 admittier
680 1779 752 1825 orant
762 1797 768 1824 z

176 1865 228 1898 rem
247 1863 371 1906 magnam,
391 1847 542 1904 pretiumque
562 1861 644 1894 morae
665 1847 726 1894 fore.
756 1846 853 1892 Primus

233 1917 303 1964 Iulus

177 1986 270 2043 accepit
279 1985 386 2041 trepidos
396 2000 424 2032 uc
434 1985 521 2031 Nisum
531 1985 609 2032 dicere
619 1984 698 2030 iussit.

177 2057 241 2103 Tum
251 2055 285 2103 sic
296 2052 442 2111 Hyrtacides
452 2073 457 2100 ε
474 2053 577 2100 ‘Audite
586 2068 600 2100 ο
610 2052 732 2099 mentibus
741 2048 832 2105 eequis,

178 2124 315 2180 Aeneadae,
325 2137 386 2170 neve
395 2122 455 2170 haec
465 2121 555 2168 nostris
566 2121 708 2176 spectentur
717 2117 748 2165 ab
758 2117 835 2174 annis,

178 2209 239 2250 quae
248 2193 358 2240 ferimus.
388 2189 476 2237 Rutuli
486 2205 569 2236 somno
579 2189 681 2243 vinoque
691 2185 765 2234 soluti

178 2262 315 2311 conticuere
323 2281 329 2317 3
344 2260 424 2307 locum
433 2258 526 2305 insidiis
535 2256 702 2312 conspeximus
711 2254 766 2309 ipsi,

180 2331 221 2388 qni
230 2332 299 2386 patet
309 2330 335 2376 in
344 2327 410 2375 bivio
423 2329 516 2383 portae,
527 2339 587 2381 quae
597 2323 707 2380 proxima
717 2322 804 2378 pont03

180 2399 313 2455 interrupti
323 2399 401 2454 ignes,
411 2398 511 2450 aterque
521 2393 552 2440 ad
562 2393 641 2439 sideru
650 2391 732 2437 fumus

131 2490 170 2527 240
181 2469 284 2526 erigitur
294 2489 299 2516 :
315 2467 336 2514 si
345 2466 446 2512 fortuna
455 2461 596 2521 permittitis
606 2461 643 2508 uti

230 2537 301 2588 (32⁵)
