<?xml version="1.0" encoding="UTF-8"?>
<!DOCTYPE html PUBLIC "-//W3C//DTD XHTML 1.0 Transitional//EN"
    "http://www.w3.org/TR/xhtml1/DTD/xhtml1-transitional.dtd">
<html xmlns="http://www.w3.org/1999/xhtml" xml:lang="en" lang="en">
 <head>
  <title>
</title>
<meta http-equiv="Content-Type" content="text/html;charset=utf-8" />
  <meta name='ocr-system' content='tesseract 3.04.00' />
  <meta name='ocr-capabilities' content='ocr_page ocr_carea ocr_par ocr_line ocrx_word'/>
</head>
<body>
  <div class='ocr_page' id='page_1' title='image "./pvergilimaronis07virggoog/pvergilimaronis07virggoog_0251.png"; bbox 0 0 1972 3164; ppageno 0'>
   <div class='ocr_carea' id='block_1_1' title="bbox 367 185 665 226">
    <p class='ocr_par' dir='ltr' id='par_1_1' title="bbox 367 185 665 226">
     <span class='ocr_line' id='line_1_1' title="bbox 367 185 665 226; baseline 0.007 -2"><span class='ocrx_word' id='word_1_1' title='bbox 367 186 390 225; x_wconf 87' lang='lat' dir='ltr'>P.</span> <span class='ocrx_word' id='word_1_2' title='bbox 403 185 523 225; x_wconf 82' lang='lat' dir='ltr'>VERGILI</span> <span class='ocrx_word' id='word_1_3' title='bbox 536 185 665 226; x_wconf 82' lang='lat' dir='ltr'>MARONIS</span> 
     </span>
    </p>
   </div>
   <div class='ocr_carea' id='block_1_2' title="bbox 176 283 848 479">
    <p class='ocr_par' dir='ltr' id='par_1_2' title="bbox 176 283 848 479">
     <span class='ocr_line' id='line_1_2' title="bbox 176 283 726 340; baseline 0.005 -11"><span class='ocrx_word' id='word_1_4' title='bbox 176 283 306 340; x_wconf 83' lang='lat' dir='ltr'>invalidus,</span> <span class='ocrx_word' id='word_1_5' title='bbox 315 283 379 330; x_wconf 83' lang='lat' dir='ltr'>vires</span> <span class='ocrx_word' id='word_1_6' title='bbox 389 283 456 330; x_wconf 87' lang='lat' dir='ltr'>ultra</span> <span class='ocrx_word' id='word_1_7' title='bbox 465 285 600 339; x_wconf 73' lang='lat' dir='ltr'>sortemque</span> <span class='ocrx_word' id='word_1_8' title='bbox 609 285 726 332; x_wconf 72' lang='lat' dir='ltr'>senectae.</span> 
     </span>
     <span class='ocr_line' id='line_1_3' title="bbox 178 350 848 418; baseline 0.004 -21"><span class='ocrx_word' id='word_1_9' title='bbox 178 351 252 408; x_wconf 77' lang='lat' dir='ltr'>Quin,</span> <span class='ocrx_word' id='word_1_10' title='bbox 261 352 291 398; x_wconf 89' lang='lat' dir='ltr'>ut</span> <span class='ocrx_word' id='word_1_11' title='bbox 299 352 325 398; x_wconf 87' lang='lat' dir='ltr'>te</span> <span class='ocrx_word' id='word_1_12' title='bbox 335 350 437 407; x_wconf 83' lang='lat' dir='ltr'>supplex</span> <span class='ocrx_word' id='word_1_13' title='bbox 445 353 553 406; x_wconf 85' lang='lat' dir='ltr'>peterem</span> <span class='ocrx_word' id='word_1_14' title='bbox 562 352 588 398; x_wconf 90' lang='lat' dir='ltr'>et</span> <span class='ocrx_word' id='word_1_15' title='bbox 597 353 642 398; x_wconf 87' lang='lat' dir='ltr'>tua</span> <span class='ocrx_word' id='word_1_16' title='bbox 650 351 735 398; x_wconf 85' lang='lat' dir='ltr'>limina</span> <span class='ocrx_word' id='word_1_17' title='bbox 744 351 848 418; x_wconf 78' lang='lat' dir='ltr'>adirem,</span> 
     </span>
     <span class='ocr_line' id='line_1_4' title="bbox 177 419 822 479; baseline 0.003 -12"><span class='ocrx_word' id='word_1_18' title='bbox 177 420 242 468; x_wconf 87' lang='lat' dir='ltr'>idem</span> <span class='ocrx_word' id='word_1_19' title='bbox 252 435 323 466; x_wconf 90' lang='lat' dir='ltr'>orans</span> <span class='ocrx_word' id='word_1_20' title='bbox 332 421 449 467; x_wconf 88' lang='lat' dir='ltr'>mandata</span> <span class='ocrx_word' id='word_1_21' title='bbox 457 419 540 467; x_wconf 88' lang='lat' dir='ltr'>dabat.</span> <span class='ocrx_word' id='word_1_22' title='bbox 569 419 678 476; x_wconf 86' lang='lat' dir='ltr'>Natique</span> <span class='ocrx_word' id='word_1_23' title='bbox 687 421 822 479; x_wconf 88' lang='lat' dir='ltr'>patrisque,</span> 
     </span>
    </p>
   </div>
   <div class='ocr_carea' id='block_1_3' title="bbox 133 488 861 2460">
    <p class='ocr_par' dir='ltr' id='par_1_3' title="bbox 179 488 858 681">
     <span class='ocr_line' id='line_1_5' title="bbox 179 488 858 548; baseline 0.004 -12"><span class='ocrx_word' id='word_1_24' title='bbox 179 488 252 544; x_wconf 88' lang='lat' dir='ltr'>alma,</span> <span class='ocrx_word' id='word_1_25' title='bbox 258 503 351 545; x_wconf 88' lang='lat' dir='ltr'>precor,</span> <span class='ocrx_word' id='word_1_26' title='bbox 359 488 485 544; x_wconf 90' lang='lat' dir='ltr'>miserere;</span> <span class='ocrx_word' id='word_1_27' title='bbox 498 489 566 544; x_wconf 86' lang='lat' dir='ltr'>potes</span> <span class='ocrx_word' id='word_1_28' title='bbox 572 503 676 544; x_wconf 89' lang='lat' dir='ltr'>namque</span> <span class='ocrx_word' id='word_1_29' title='bbox 682 489 772 548; x_wconf 88' lang='lat' dir='ltr'>omnia,</span> <span class='ocrx_word' id='word_1_30' title='bbox 780 492 858 538; x_wconf 84' lang='lat' dir='ltr'>necte</span> 
     </span>
     <span class='ocr_line' id='line_1_6' title="bbox 179 556 747 613; baseline 0 -8"><span class='ocrx_word' id='word_1_31' title='bbox 179 557 322 613; x_wconf 74' lang='lat' dir='ltr'>nequiquam</span> <span class='ocrx_word' id='word_1_32' title='bbox 332 556 393 603; x_wconf 90' lang='lat' dir='ltr'>lucis</span> <span class='ocrx_word' id='word_1_33' title='bbox 403 557 496 604; x_wconf 85' lang='lat' dir='ltr'>Hecate</span> <span class='ocrx_word' id='word_1_34' title='bbox 506 556 624 612; x_wconf 82' lang='lat' dir='ltr'>praefecit</span> <span class='ocrx_word' id='word_1_35' title='bbox 634 556 747 605; x_wconf 84' lang='lat' dir='ltr'>Avernis.</span> 
     </span>
     <span class='ocr_line' id='line_1_7' title="bbox 181 625 759 681; baseline 0.002 -9"><span class='ocrx_word' id='word_1_36' title='bbox 181 626 206 672; x_wconf 80' lang='lat' dir='ltr'>Si</span> <span class='ocrx_word' id='word_1_37' title='bbox 215 625 295 681; x_wconf 81' lang='lat' dir='ltr'>potuit</span> <span class='ocrx_word' id='word_1_38' title='bbox 304 639 387 672; x_wconf 85' lang='lat' dir='ltr'>menes</span> <span class='ocrx_word' id='word_1_39' title='bbox 397 640 517 673; x_wconf 78' lang='lat' dir='ltr'>arcessere</span> <span class='ocrx_word' id='word_1_40' title='bbox 527 625 635 681; x_wconf 76' lang='lat' dir='ltr'>ooniugis</span> <span class='ocrx_word' id='word_1_41' title='bbox 646 625 759 681; x_wconf 82' lang='lat' dir='ltr'>Orpheus</span> 
     </span>
    </p>

    <p class='ocr_par' dir='ltr' id='par_1_4' title="bbox 133 693 858 956">
     <span class='ocr_line' id='line_1_8' title="bbox 133 693 740 752; baseline -0.002 -11"><span class='ocrx_word' id='word_1_42' title='bbox 133 707 170 734; x_wconf 81' lang='lat'>¹²0</span> <span class='ocrx_word' id='word_1_43' title='bbox 181 693 292 741; x_wconf 84' lang='lat' dir='ltr'>Threicia</span> <span class='ocrx_word' id='word_1_44' title='bbox 301 694 379 741; x_wconf 80' lang='lat' dir='ltr'>fretus</span> <span class='ocrx_word' id='word_1_45' title='bbox 389 693 485 740; x_wconf 86' lang='lat' dir='ltr'>cithara</span> <span class='ocrx_word' id='word_1_46' title='bbox 493 693 627 749; x_wconf 88' lang='lat' dir='ltr'>fidibusque</span> <span class='ocrx_word' id='word_1_47' title='bbox 637 694 740 752; x_wconf 90' lang='lat' dir='ltr'>canoris,</span> 
     </span>
     <span class='ocr_line' id='line_1_9' title="bbox 181 761 721 820; baseline 0 -11"><span class='ocrx_word' id='word_1_48' title='bbox 181 762 202 810; x_wconf 88' lang='lat' dir='ltr'>si</span> <span class='ocrx_word' id='word_1_49' title='bbox 210 762 313 808; x_wconf 76' lang='lat' dir='ltr'>fratrent</span> <span class='ocrx_word' id='word_1_50' title='bbox 323 761 409 808; x_wconf 85' lang='lat' dir='ltr'>Pollux</span> <span class='ocrx_word' id='word_1_51' title='bbox 418 762 515 809; x_wconf 75' lang='lat' dir='ltr'>alterna</span> <span class='ocrx_word' id='word_1_52' title='bbox 524 763 601 809; x_wconf 82' lang='lat' dir='ltr'>morte</span> <span class='ocrx_word' id='word_1_53' title='bbox 610 762 721 820; x_wconf 76' lang='lat' dir='ltr'>redemit,</span> 
     </span>
     <span class='ocr_line' id='line_1_10' title="bbox 180 829 857 890; baseline 0 -12"><span class='ocrx_word' id='word_1_54' title='bbox 180 831 246 886; x_wconf 87' lang='lat' dir='ltr'>itque</span> <span class='ocrx_word' id='word_1_55' title='bbox 255 831 364 885; x_wconf 61' lang='lat' dir='ltr'>redimus</span> <span class='ocrx_word' id='word_1_56' title='bbox 370 829 434 876; x_wconf 82' lang='lat' dir='ltr'>viam</span> <span class='ocrx_word' id='word_1_57' title='bbox 444 830 619 885; x_wconf 85' lang='lat' dir='ltr'>totiens-quid</span> <span class='ocrx_word' id='word_1_58' title='bbox 629 830 722 878; x_wconf 83' lang='lat' dir='ltr'>Thesea</span> <span class='ocrx_word' id='word_1_59' title='bbox 731 847 857 890; x_wconf 82' lang='lat' dir='ltr'>magnum,</span> 
     </span>
     <span class='ocr_line' id='line_1_11' title="bbox 180 898 858 956; baseline 0.003 -12"><span class='ocrx_word' id='word_1_60' title='bbox 180 898 238 955; x_wconf 91' lang='lat' dir='ltr'>quid</span> <span class='ocrx_word' id='word_1_61' title='bbox 260 913 390 945; x_wconf 85' lang='lat' dir='ltr'>memorem</span> <span class='ocrx_word' id='word_1_62' title='bbox 408 898 527 945; x_wconf 81' lang='lat' dir='ltr'>Alciden?</span> <span class='ocrx_word' id='word_1_63' title='bbox 550 900 575 946; x_wconf 89' lang='lat' dir='ltr'>et</span> <span class='ocrx_word' id='word_1_64' title='bbox 593 899 628 945; x_wconf 89' lang='lat' dir='ltr'>mi</span> <span class='ocrx_word' id='word_1_65' title='bbox 648 914 724 956; x_wconf 76' lang='lat' dir='ltr'>genus</span> <span class='ocrx_word' id='word_1_66' title='bbox 749 899 780 947; x_wconf 83' lang='lat' dir='ltr'>ab</span> <span class='ocrx_word' id='word_1_67' title='bbox 800 901 858 948; x_wconf 85' lang='lat' dir='ltr'>Iove</span> 
     </span>
    </p>

    <p class='ocr_par' dir='ltr' id='par_1_5' title="bbox 182 967 861 1494">
     <span class='ocr_line' id='line_1_12' title="bbox 233 967 349 1014; baseline -0.009 0"><span class='ocrx_word' id='word_1_68' title='bbox 233 967 349 1014; x_wconf 67' lang='lat' dir='ltr'>summo!</span> 
     </span>
     <span class='ocr_line' id='line_1_13' title="bbox 210 1035 715 1094; baseline 0.004 -12"><span class='ocrx_word' id='word_1_69' title='bbox 210 1035 309 1082; x_wconf 75' lang='lat' dir='ltr'>Talibus</span> <span class='ocrx_word' id='word_1_70' title='bbox 319 1035 404 1082; x_wconf 87' lang='lat' dir='ltr'>orabat</span> <span class='ocrx_word' id='word_1_71' title='bbox 414 1035 484 1083; x_wconf 90' lang='lat' dir='ltr'>dictis</span> <span class='ocrx_word' id='word_1_72' title='bbox 495 1051 597 1092; x_wconf 85' lang='lat' dir='ltr'>arasque</span> <span class='ocrx_word' id='word_1_73' title='bbox 606 1036 715 1094; x_wconf 82' lang='lat' dir='ltr'>tenebat,</span> 
     </span>
     <span class='ocr_line' id='line_1_14' title="bbox 182 1104 830 1163; baseline -0.002 -11"><span class='ocrx_word' id='word_1_74' title='bbox 182 1121 237 1152; x_wconf 92' lang='lat' dir='ltr'>cum</span> <span class='ocrx_word' id='word_1_75' title='bbox 247 1104 280 1151; x_wconf 89' lang='lat' dir='ltr'>sic</span> <span class='ocrx_word' id='word_1_76' title='bbox 290 1119 345 1151; x_wconf 89' lang='lat' dir='ltr'>orsa</span> <span class='ocrx_word' id='word_1_77' title='bbox 354 1104 419 1159; x_wconf 91' lang='lat' dir='ltr'>loqui</span> <span class='ocrx_word' id='word_1_78' title='bbox 428 1106 510 1151; x_wconf 66' lang='lat' dir='ltr'>retest</span> <span class='ocrx_word' id='word_1_79' title='bbox 526 1104 598 1152; x_wconf 87' lang='lat' dir='ltr'>‘Sate</span> <span class='ocrx_word' id='word_1_80' title='bbox 608 1106 727 1163; x_wconf 83' lang='lat' dir='ltr'>sanguine</span> <span class='ocrx_word' id='word_1_81' title='bbox 737 1105 830 1162; x_wconf 86' lang='lat' dir='ltr'>dirum,</span> 
     </span>
     <span class='ocr_line' id='line_1_15' title="bbox 182 1172 758 1229; baseline -0.002 -8"><span class='ocrx_word' id='word_1_82' title='bbox 182 1174 245 1221; x_wconf 83' lang='lat' dir='ltr'>Tros</span> <span class='ocrx_word' id='word_1_83' title='bbox 254 1173 408 1229; x_wconf 82' lang='lat' dir='ltr'>Anchisiade,</span> <span class='ocrx_word' id='word_1_84' title='bbox 418 1172 497 1220; x_wconf 83' lang='lat' dir='ltr'>facilis</span> <span class='ocrx_word' id='word_1_85' title='bbox 507 1174 634 1220; x_wconf 79' lang='lat' dir='ltr'>descensus</span> <span class='ocrx_word' id='word_1_86' title='bbox 644 1174 743 1220; x_wconf 84' lang='lat' dir='ltr'>Averno</span> <span class='ocrx_word' id='word_1_87' title='bbox 752 1192 758 1228; x_wconf 89' lang='grc'>;</span> 
     </span>
     <span class='ocr_line' id='line_1_16' title="bbox 182 1241 717 1298; baseline 0.002 -10"><span class='ocrx_word' id='word_1_88' title='bbox 182 1243 265 1288; x_wconf 86' lang='lat' dir='ltr'>noctes</span> <span class='ocrx_word' id='word_1_89' title='bbox 275 1243 347 1298; x_wconf 88' lang='lat' dir='ltr'>atque</span> <span class='ocrx_word' id='word_1_90' title='bbox 357 1241 407 1288; x_wconf 89' lang='lat' dir='ltr'>dies</span> <span class='ocrx_word' id='word_1_91' title='bbox 416 1242 486 1296; x_wconf 87' lang='lat' dir='ltr'>patet</span> <span class='ocrx_word' id='word_1_92' title='bbox 495 1241 544 1287; x_wconf 87' lang='lat' dir='ltr'>atri</span> <span class='ocrx_word' id='word_1_93' title='bbox 552 1241 627 1288; x_wconf 88' lang='lat' dir='ltr'>ianua</span> <span class='ocrx_word' id='word_1_94' title='bbox 636 1242 701 1289; x_wconf 91' lang='lat' dir='ltr'>Ditis</span> <span class='ocrx_word' id='word_1_95' title='bbox 711 1261 717 1298; x_wconf 83' lang='lat'>3</span> 
     </span>
     <span class='ocr_line' id='line_1_17' title="bbox 183 1310 859 1368; baseline -0.003 -10"><span class='ocrx_word' id='word_1_96' title='bbox 183 1311 226 1358; x_wconf 85' lang='lat' dir='ltr'>sed</span> <span class='ocrx_word' id='word_1_97' title='bbox 235 1325 347 1358; x_wconf 84' lang='lat' dir='ltr'>revocare</span> <span class='ocrx_word' id='word_1_98' title='bbox 356 1310 459 1366; x_wconf 75' lang='lat' dir='ltr'>gradum</span> <span class='ocrx_word' id='word_1_99' title='bbox 468 1325 615 1365; x_wconf 87' lang='lat' dir='ltr'>superasque</span> <span class='ocrx_word' id='word_1_100' title='bbox 625 1310 728 1357; x_wconf 83' lang='lat' dir='ltr'>eradere</span> <span class='ocrx_word' id='word_1_101' title='bbox 735 1310 767 1357; x_wconf 94' lang='lat' dir='ltr'>ad</span> <span class='ocrx_word' id='word_1_102' title='bbox 776 1325 859 1368; x_wconf 88' lang='lat' dir='ltr'>auras,</span> 
     </span>
     <span class='ocr_line' id='line_1_18' title="bbox 182 1377 861 1435; baseline -0.004 -8"><span class='ocrx_word' id='word_1_103' title='bbox 182 1378 229 1427; x_wconf 88' lang='lat' dir='ltr'>hoc</span> <span class='ocrx_word' id='word_1_104' title='bbox 251 1394 319 1435; x_wconf 84' lang='lat' dir='ltr'>opus,</span> <span class='ocrx_word' id='word_1_105' title='bbox 343 1378 382 1425; x_wconf 90' lang='lat' dir='ltr'>hic</span> <span class='ocrx_word' id='word_1_106' title='bbox 403 1377 472 1424; x_wconf 89' lang='lat' dir='ltr'>labor</span> <span class='ocrx_word' id='word_1_107' title='bbox 494 1378 540 1424; x_wconf 85' lang='lat' dir='ltr'>est.</span> <span class='ocrx_word' id='word_1_108' title='bbox 579 1377 662 1435; x_wconf 89' lang='lat' dir='ltr'>Pauci,</span> <span class='ocrx_word' id='word_1_109' title='bbox 686 1392 745 1433; x_wconf 89' lang='lat' dir='ltr'>qnos</span> <span class='ocrx_word' id='word_1_110' title='bbox 769 1393 861 1434; x_wconf 87' lang='lat' dir='ltr'>aequus</span> 
     </span>
     <span class='ocr_line' id='line_1_19' title="bbox 242 1447 333 1494; baseline -0.011 0"><span class='ocrx_word' id='word_1_111' title='bbox 242 1447 333 1494; x_wconf 84' lang='lat' dir='ltr'>amavit</span> 
     </span>
    </p>

    <p class='ocr_par' dir='ltr' id='par_1_6' title="bbox 137 1514 854 2178">
     <span class='ocr_line' id='line_1_20' title="bbox 137 1514 780 1572; baseline 0.003 -14"><span class='ocrx_word' id='word_1_112' title='bbox 137 1533 174 1569; x_wconf 58' lang='grc' dir='ltr'>ιφ</span> <span class='ocrx_word' id='word_1_113' title='bbox 184 1516 296 1572; x_wconf 88' lang='lat' dir='ltr'>Iuppiter</span> <span class='ocrx_word' id='word_1_114' title='bbox 305 1518 349 1563; x_wconf 87' lang='lat' dir='ltr'>aut</span> <span class='ocrx_word' id='word_1_115' title='bbox 358 1515 446 1562; x_wconf 85' lang='lat' dir='ltr'>ardens</span> <span class='ocrx_word' id='word_1_116' title='bbox 455 1514 535 1562; x_wconf 85' lang='lat' dir='ltr'>evexit</span> <span class='ocrx_word' id='word_1_117' title='bbox 544 1514 576 1561; x_wconf 94' lang='lat' dir='ltr'>ad</span> <span class='ocrx_word' id='word_1_118' title='bbox 585 1515 685 1561; x_wconf 87' lang='lat' dir='ltr'>aethera</span> <span class='ocrx_word' id='word_1_119' title='bbox 693 1514 780 1571; x_wconf 82' lang='lat' dir='ltr'>virtus,</span> 
     </span>
     <span class='ocr_line' id='line_1_21' title="bbox 184 1582 823 1640; baseline 0 -10"><span class='ocrx_word' id='word_1_120' title='bbox 184 1584 222 1630; x_wconf 92' lang='lat' dir='ltr'>dis</span> <span class='ocrx_word' id='word_1_121' title='bbox 231 1583 308 1640; x_wconf 77' lang='lat' dir='ltr'>geniti</span> <span class='ocrx_word' id='word_1_122' title='bbox 317 1585 424 1640; x_wconf 88' lang='lat' dir='ltr'>potuere.</span> <span class='ocrx_word' id='word_1_123' title='bbox 454 1583 550 1630; x_wconf 81' lang='lat' dir='ltr'>Tenent</span> <span class='ocrx_word' id='word_1_124' title='bbox 558 1582 638 1629; x_wconf 89' lang='lat' dir='ltr'>media</span> <span class='ocrx_word' id='word_1_125' title='bbox 647 1583 729 1629; x_wconf 92' lang='lat' dir='ltr'>omnia</span> <span class='ocrx_word' id='word_1_126' title='bbox 738 1583 823 1639; x_wconf 86' lang='lat' dir='ltr'>silvae,</span> 
     </span>
     <span class='ocr_line' id='line_1_22' title="bbox 184 1650 729 1708; baseline -0.004 -8"><span class='ocrx_word' id='word_1_127' title='bbox 184 1653 335 1708; x_wconf 71' lang='lat' dir='ltr'>Cocytusque</span> <span class='ocrx_word' id='word_1_128' title='bbox 345 1652 400 1699; x_wconf 90' lang='lat' dir='ltr'>sinu</span> <span class='ocrx_word' id='word_1_129' title='bbox 408 1651 491 1698; x_wconf 86' lang='lat' dir='ltr'>labens</span> <span class='ocrx_word' id='word_1_130' title='bbox 501 1650 657 1698; x_wconf 81' lang='lat' dir='ltr'>circumvenit</span> <span class='ocrx_word' id='word_1_131' title='bbox 667 1653 729 1698; x_wconf 85' lang='lat' dir='ltr'>atro.</span> 
     </span>
     <span class='ocr_line' id='line_1_23' title="bbox 185 1718 760 1776; baseline -0.002 -9"><span class='ocrx_word' id='word_1_132' title='bbox 185 1721 255 1776; x_wconf 80' lang='lat' dir='ltr'>Quod</span> <span class='ocrx_word' id='word_1_133' title='bbox 265 1720 380 1766; x_wconf 87' lang='lat' dir='ltr'>sitantus</span> <span class='ocrx_word' id='word_1_134' title='bbox 389 1735 458 1766; x_wconf 91' lang='lat' dir='ltr'>amor</span> <span class='ocrx_word' id='word_1_135' title='bbox 466 1719 551 1774; x_wconf 89' lang='lat' dir='ltr'>menti,</span> <span class='ocrx_word' id='word_1_136' title='bbox 562 1719 583 1766; x_wconf 88' lang='lat' dir='ltr'>si</span> <span class='ocrx_word' id='word_1_137' title='bbox 592 1720 664 1765; x_wconf 83' lang='lat' dir='ltr'>tanta</span> <span class='ocrx_word' id='word_1_138' title='bbox 673 1718 760 1774; x_wconf 89' lang='lat' dir='ltr'>cupido</span> 
     </span>
     <span class='ocr_line' id='line_1_24' title="bbox 184 1786 724 1844; baseline -0.002 -10"><span class='ocrx_word' id='word_1_139' title='bbox 184 1787 222 1834; x_wconf 90' lang='lat' dir='ltr'>bis</span> <span class='ocrx_word' id='word_1_140' title='bbox 232 1786 328 1843; x_wconf 80' lang='lat' dir='ltr'>Stygios</span> <span class='ocrx_word' id='word_1_141' title='bbox 337 1787 421 1834; x_wconf 84' lang='lat' dir='ltr'>innare</span> <span class='ocrx_word' id='word_1_142' title='bbox 431 1787 507 1844; x_wconf 89' lang='lat' dir='ltr'>lacus,</span> <span class='ocrx_word' id='word_1_143' title='bbox 517 1787 554 1833; x_wconf 91' lang='lat' dir='ltr'>bis</span> <span class='ocrx_word' id='word_1_144' title='bbox 564 1787 635 1843; x_wconf 70' lang='lat' dir='ltr'>nigra</span> <span class='ocrx_word' id='word_1_145' title='bbox 644 1787 724 1834; x_wconf 84' lang='lat' dir='ltr'>videre</span> 
     </span>
     <span class='ocr_line' id='line_1_25' title="bbox 185 1855 734 1912; baseline 0 -11"><span class='ocrx_word' id='word_1_146' title='bbox 185 1856 298 1912; x_wconf 83' lang='lat' dir='ltr'>Tartara,</span> <span class='ocrx_word' id='word_1_147' title='bbox 309 1856 334 1902; x_wconf 88' lang='lat' dir='ltr'>et</span> <span class='ocrx_word' id='word_1_148' title='bbox 343 1855 428 1902; x_wconf 88' lang='lat' dir='ltr'>insano</span> <span class='ocrx_word' id='word_1_149' title='bbox 437 1855 506 1902; x_wconf 88' lang='lat' dir='ltr'>iuvat</span> <span class='ocrx_word' id='word_1_150' title='bbox 515 1855 640 1912; x_wconf 80' lang='lat' dir='ltr'>indulgere</span> <span class='ocrx_word' id='word_1_151' title='bbox 650 1855 734 1911; x_wconf 88' lang='lat' dir='ltr'>labori,</span> 
     </span>
     <span class='ocr_line' id='line_1_26' title="bbox 185 1923 854 1980; baseline -0.003 -8"><span class='ocrx_word' id='word_1_152' title='bbox 185 1924 267 1980; x_wconf 87' lang='lat' dir='ltr'>accipe</span> <span class='ocrx_word' id='word_1_153' title='bbox 277 1939 337 1979; x_wconf 87' lang='lat' dir='ltr'>qnae</span> <span class='ocrx_word' id='word_1_154' title='bbox 346 1925 485 1980; x_wconf 80' lang='lat' dir='ltr'>peragenda</span> <span class='ocrx_word' id='word_1_155' title='bbox 493 1924 568 1980; x_wconf 89' lang='lat' dir='ltr'>prius.</span> <span class='ocrx_word' id='word_1_156' title='bbox 598 1925 672 1971; x_wconf 86' lang='lat' dir='ltr'>Latet</span> <span class='ocrx_word' id='word_1_157' title='bbox 681 1923 767 1970; x_wconf 89' lang='lat' dir='ltr'>arbore</span> <span class='ocrx_word' id='word_1_158' title='bbox 775 1939 854 1979; x_wconf 86' lang='lat' dir='ltr'>opaca</span> 
     </span>
     <span class='ocr_line' id='line_1_27' title="bbox 186 1992 691 2050; baseline -0.004 -9"><span class='ocrx_word' id='word_1_159' title='bbox 186 2008 274 2041; x_wconf 86' lang='lat' dir='ltr'>aurens</span> <span class='ocrx_word' id='word_1_160' title='bbox 284 1992 309 2039; x_wconf 88' lang='lat' dir='ltr'>et</span> <span class='ocrx_word' id='word_1_161' title='bbox 318 1992 382 2038; x_wconf 80' lang='lat' dir='ltr'>foliis</span> <span class='ocrx_word' id='word_1_162' title='bbox 392 1996 417 2039; x_wconf 89' lang='lat' dir='ltr'>ot</span> <span class='ocrx_word' id='word_1_163' title='bbox 426 1992 494 2039; x_wconf 88' lang='lat' dir='ltr'>lento</span> <span class='ocrx_word' id='word_1_164' title='bbox 503 1993 591 2039; x_wconf 83' lang='lat' dir='ltr'>vimine</span> <span class='ocrx_word' id='word_1_165' title='bbox 600 2007 691 2050; x_wconf 83' lang='lat' dir='ltr'>ramus,</span> 
     </span>
     <span class='ocr_line' id='line_1_28' title="bbox 187 2060 815 2117; baseline -0.005 -8"><span class='ocrx_word' id='word_1_166' title='bbox 187 2061 276 2109; x_wconf 88' lang='lat' dir='ltr'>Iunoni</span> <span class='ocrx_word' id='word_1_167' title='bbox 285 2060 395 2108; x_wconf 82' lang='lat' dir='ltr'>infernae</span> <span class='ocrx_word' id='word_1_168' title='bbox 404 2061 484 2107; x_wconf 90' lang='lat' dir='ltr'>dictus</span> <span class='ocrx_word' id='word_1_169' title='bbox 494 2077 562 2108; x_wconf 86' lang='lat' dir='ltr'>sacer</span> <span class='ocrx_word' id='word_1_170' title='bbox 570 2080 577 2117; x_wconf 89' lang='lat'>;</span> <span class='ocrx_word' id='word_1_171' title='bbox 591 2061 656 2107; x_wconf 90' lang='lat' dir='ltr'>hunc</span> <span class='ocrx_word' id='word_1_172' title='bbox 665 2061 728 2117; x_wconf 82' lang='lat' dir='ltr'>tegit</span> <span class='ocrx_word' id='word_1_173' title='bbox 737 2060 815 2106; x_wconf 91' lang='lat' dir='ltr'>omnis</span> 
     </span>
     <span class='ocr_line' id='line_1_29' title="bbox 187 2128 814 2178; baseline -0.006 0"><span class='ocrx_word' id='word_1_174' title='bbox 187 2130 257 2178; x_wconf 88' lang='lat' dir='ltr'>lucus</span> <span class='ocrx_word' id='word_1_175' title='bbox 267 2132 292 2177; x_wconf 85' lang='lat' dir='ltr'>ct</span> <span class='ocrx_word' id='word_1_176' title='bbox 302 2130 409 2177; x_wconf 85' lang='lat' dir='ltr'>obscuris</span> <span class='ocrx_word' id='word_1_177' title='bbox 420 2129 537 2176; x_wconf 89' lang='lat' dir='ltr'>claudunt</span> <span class='ocrx_word' id='word_1_178' title='bbox 547 2129 695 2176; x_wconf 82' lang='lat' dir='ltr'>convallibus</span> <span class='ocrx_word' id='word_1_179' title='bbox 704 2128 814 2175; x_wconf 88' lang='lat' dir='ltr'>umbrae.</span> 
     </span>
    </p>

    <p class='ocr_par' dir='ltr' id='par_1_7' title="bbox 141 2197 812 2460">
     <span class='ocr_line' id='line_1_30' title="bbox 141 2197 739 2258; baseline -0.007 -12"><span class='ocrx_word' id='word_1_180' title='bbox 141 2222 177 2258; x_wconf 80' lang='lat'>140</span> <span class='ocrx_word' id='word_1_181' title='bbox 189 2200 236 2247; x_wconf 83' lang='lat' dir='ltr'>Sed</span> <span class='ocrx_word' id='word_1_182' title='bbox 245 2215 295 2246; x_wconf 91' lang='lat' dir='ltr'>non</span> <span class='ocrx_word' id='word_1_183' title='bbox 304 2201 361 2246; x_wconf 88' lang='lat' dir='ltr'>ante</span> <span class='ocrx_word' id='word_1_184' title='bbox 370 2199 443 2244; x_wconf 80' lang='lat' dir='ltr'>datur</span> <span class='ocrx_word' id='word_1_185' title='bbox 452 2197 546 2244; x_wconf 89' lang='lat' dir='ltr'>telluris</span> <span class='ocrx_word' id='word_1_186' title='bbox 556 2199 642 2252; x_wconf 85' lang='lat' dir='ltr'>operta</span> <span class='ocrx_word' id='word_1_187' title='bbox 652 2197 739 2253; x_wconf 87' lang='lat' dir='ltr'>subire,</span> 
     </span>
     <span class='ocr_line' id='line_1_31' title="bbox 188 2265 798 2322; baseline -0.005 -8"><span class='ocrx_word' id='word_1_188' title='bbox 188 2268 321 2316; x_wconf 86' lang='lat' dir='ltr'>auricomos</span> <span class='ocrx_word' id='word_1_189' title='bbox 331 2283 401 2322; x_wconf 86' lang='lat' dir='ltr'>quarn</span> <span class='ocrx_word' id='word_1_190' title='bbox 413 2267 465 2322; x_wconf 90' lang='lat' dir='ltr'>quis</span> <span class='ocrx_word' id='word_1_191' title='bbox 475 2266 620 2321; x_wconf 72' lang='lat' dir='ltr'>decerpserit</span> <span class='ocrx_word' id='word_1_192' title='bbox 630 2265 714 2312; x_wconf 88' lang='lat' dir='ltr'>arbore</span> <span class='ocrx_word' id='word_1_193' title='bbox 724 2265 798 2312; x_wconf 88' lang='lat' dir='ltr'>fetus.</span> 
     </span>
     <span class='ocr_line' id='line_1_32' title="bbox 188 2333 812 2391; baseline -0.005 -9"><span class='ocrx_word' id='word_1_194' title='bbox 188 2336 243 2382; x_wconf 89' lang='lat' dir='ltr'>Hoc</span> <span class='ocrx_word' id='word_1_195' title='bbox 253 2335 298 2381; x_wconf 90' lang='lat' dir='ltr'>sibi</span> <span class='ocrx_word' id='word_1_196' title='bbox 307 2335 409 2391; x_wconf 82' lang='lat' dir='ltr'>pulchra</span> <span class='ocrx_word' id='word_1_197' title='bbox 418 2350 489 2381; x_wconf 89' lang='lat' dir='ltr'>suum</span> <span class='ocrx_word' id='word_1_198' title='bbox 498 2333 558 2380; x_wconf 82' lang='lat' dir='ltr'>ferri</span> <span class='ocrx_word' id='word_1_199' title='bbox 568 2334 713 2389; x_wconf 87' lang='lat' dir='ltr'>Proserpina</span> <span class='ocrx_word' id='word_1_200' title='bbox 723 2348 812 2380; x_wconf 84' lang='lat' dir='ltr'>manns</span> 
     </span>
     <span class='ocr_line' id='line_1_33' title="bbox 187 2402 715 2460; baseline -0.002 -10"><span class='ocrx_word' id='word_1_201' title='bbox 187 2403 309 2451; x_wconf 86' lang='lat' dir='ltr'>instituit:</span> <span class='ocrx_word' id='word_1_202' title='bbox 323 2404 401 2460; x_wconf 89' lang='lat' dir='ltr'>primo</span> <span class='ocrx_word' id='word_1_203' title='bbox 410 2404 494 2450; x_wconf 83' lang='lat' dir='ltr'>avulso</span> <span class='ocrx_word' id='word_1_204' title='bbox 504 2418 551 2449; x_wconf 90' lang='lat' dir='ltr'>non</span> <span class='ocrx_word' id='word_1_205' title='bbox 562 2402 643 2450; x_wconf 87' lang='lat' dir='ltr'>deficit</span> <span class='ocrx_word' id='word_1_206' title='bbox 652 2402 715 2449; x_wconf 80' lang='lat' dir='ltr'>alter</span> 
     </span>
    </p>
   </div>
   <div class='ocr_carea' id='block_1_4' title="bbox 236 2496 624 2598">
    <p class='ocr_par' dir='ltr' id='par_1_8' title="bbox 236 2496 624 2598">
     <span class='ocr_line' id='line_1_34' title="bbox 425 2496 624 2532; baseline -0.015 0"><span class='ocrx_word' id='word_1_207' title='bbox 425 2501 459 2532; x_wconf 67' lang='lat'>125.</span> <span class='ocrx_word' id='word_1_208' title='bbox 480 2501 498 2532; x_wconf 76' lang='lat' dir='ltr'>n.</span> <span class='ocrx_word' id='word_1_209' title='bbox 506 2496 519 2531; x_wconf 93' lang='lat' dir='ltr'>l.</span> <span class='ocrx_word' id='word_1_210' title='bbox 528 2496 624 2530; x_wconf 75' lang='lat' dir='ltr'>‘Averni’</span> 
     </span>
     <span class='ocr_line' id='line_1_35' title="bbox 236 2548 306 2598; baseline 0.014 -1"><span class='ocrx_word' id='word_1_211' title='bbox 236 2548 244 2597; x_wconf 81' lang='lat'>&lt;</span> <span class='ocrx_word' id='word_1_212' title='bbox 253 2563 289 2598; x_wconf 77' lang='lat'>242</span> <span class='ocrx_word' id='word_1_213' title='bbox 298 2550 306 2598; x_wconf 91' lang='grc'>)</span> 
     </span>
    </p>
   </div>
   <div class='ocr_carea' id='block_1_5' title="bbox 0 0 1006 3164">
    <p class='ocr_par' dir='ltr' id='par_1_9' title="bbox 0 0 1006 3164">
     <span class='ocr_line' id='line_1_36' title="bbox 0 0 1006 3164; baseline 0 0"><span class='ocrx_word' id='word_1_214' title='bbox 0 0 1006 3164; x_wconf 95' lang='lat' dir='ltr'> </span> 
     </span>
    </p>
   </div>
  </div>
 </body>
</html>
