1972 3164
327 188 473 229 lumel

59 281 158 341 longius
167 282 194 330 et
202 280 300 331 volvens
309 282 418 331 fatorum
427 298 518 332 arcana
526 283 635 341 movebo)

59 351 153 400 bellum
162 351 247 408 ingone
255 355 324 410 geret
334 353 407 400 Italia
417 353 564 409 populosque
573 353 665 402 feroces
737 395 740 400 .

59 420 205 478 contundet,
216 435 340 478 moresque
349 422 408 469 viris
420 423 445 469 et
455 423 550 469 moenia
559 425 641 479 ponet,

57 489 137 536 tertia
147 489 204 536 dum
214 490 286 537 Latio
294 494 437 547 regnantem
448 490 535 538 viderit
544 492 634 548 aestas,

57 559 179 613 ternaque
188 559 330 606 transierint
339 559 439 606 Rutulis
449 559 553 606 hiberna
563 560 678 609 subactis.

58 626 97 672 At
107 641 168 682 puer
176 627 306 684 Ascanius,
316 627 356 674 oui
365 643 430 675 nunc
441 643 573 685 cognomen
582 628 637 675 Iulo

58 694 231 750 additurfflus
241 697 302 753 erat,
314 696 372 743 dum
381 712 420 744 res
430 696 499 743 stetit
509 697 556 743 Ilia
565 697 657 754 regno),

58 762 165 820 triginta
174 780 274 820 magnos
283 765 406 812 volvendis
417 766 539 812 mensibus
548 765 617 813 orbes

10 848 49 890 ¹70
59 831 163 887 imperio
173 831 287 889 explebit,
297 849 447 892 regnumque
460 835 491 880 ab
501 835 555 881 sede
565 834 652 881 Lavini

58 900 203 958 transferet,
214 903 239 948 et
247 901 344 958 longam
354 902 433 949 multa
441 902 466 949 vi
479 903 572 950 muniet
581 903 677 950 Albam.

59 969 111 1016 Hie
121 969 170 1016 iam
180 972 220 1016 ter
229 972 327 1017 centum
336 972 400 1018 totos
410 971 552 1027 regnabitur
561 985 636 1017 annos

57 1038 134 1094 gente
144 1037 188 1084 sub
199 1039 329 1095 Hectorea,
341 1039 416 1086 donec
426 1039 511 1095 regina
520 1040 630 1086 sacerdos

57 1105 143 1153 Marte
152 1106 233 1162 gravis
243 1106 364 1163 geminam
378 1110 453 1162 partu
462 1107 531 1154 dabit
541 1107 588 1154 Ilia
597 1106 697 1162 prolem.
716 1152 719 1156 .

59 1174 122 1222 Inde
132 1173 204 1231 lupae
213 1175 283 1222 fulvo
292 1176 394 1223 nutricis
404 1175 511 1232 tegmine
520 1175 597 1223 laetus

57 1242 180 1291 Romulus
189 1243 292 1299 excipiet
301 1247 407 1301 gentem,
418 1246 444 1291 et
453 1244 577 1292 Mavortia
586 1244 673 1292 condet

58 1311 156 1358 moenia
164 1312 332 1368 Romanosque
342 1328 386 1360 suo
395 1312 425 1359 de
433 1312 530 1360 nomine
539 1313 611 1360 dicet.

59 1379 109 1427 His
118 1394 163 1436 ego
172 1395 216 1428 nec
226 1382 304 1428 metas
314 1396 396 1428 rerum
405 1395 450 1428 nec
459 1383 571 1436 tempora
579 1395 650 1437 pono,

58 1447 188 1504 imperium
199 1449 250 1496 sine
263 1449 311 1496 fine
321 1448 384 1495 dedi.
416 1448 480 1505 Quin
493 1464 580 1504 aspera
588 1449 660 1506 Iuno,
687 1464 689 1468 ’

10 1525 49 1567 280
60 1531 124 1574 quae
132 1531 199 1565 mare
208 1533 273 1564 nunc
282 1519 408 1573 terrasque
415 1521 484 1565 metu
489 1517 627 1574 caelumque
636 1517 735 1574 fatigat,

59 1585 161 1634 consilia
169 1586 195 1632 in
205 1586 291 1636 melius
301 1585 400 1644 referet,
410 1601 550 1641 mecumque
559 1586 652 1634 fovebit

58 1656 191 1711 Romanos,
202 1670 284 1702 rerum
293 1653 411 1712 dominos,
421 1656 566 1711 gentemque
576 1656 694 1711 togatam.

59 1723 101 1773 Sic
111 1722 236 1779 placitum.
266 1723 354 1770 Veniet
363 1722 448 1770 lustris
457 1723 593 1770 labentibus
603 1725 679 1779 aetas,

58 1808 116 1840 cum
126 1792 211 1840 domus
220 1791 334 1839 Assaraci
344 1790 459 1837 Phthiam
469 1790 592 1846 clarasque
602 1792 717 1847 Mycenas

58 1860 158 1909 servitio
167 1861 261 1916 premet
270 1875 299 1906 ae
308 1859 379 1906 victis
389 1859 554 1906 dominabitur
562 1859 645 1916 Argis.

57 1930 183 1978 Nascetur
192 1927 295 1985 pulchra
304 1927 425 1975 Troianus
434 1926 526 1984 origine
536 1927 633 1984 Caesar,

57 1998 187 2054 imperium
197 1996 301 2053 Oceano,
311 1995 403 2043 famam
413 1994 454 2051 qui
463 1995 579 2042 terminet
588 1996 670 2051 astris,

58 2066 146 2123 Iulius,
156 2080 172 2112 a
180 2079 270 2124 magno
279 2065 409 2112 demissum
420 2079 507 2111 nomen
520 2063 582 2110 Iulo.
721 2057 724 2065 '

58 2135 135 2183 Hunc
144 2137 174 2181 tu
183 2134 240 2182 olim
250 2133 324 2190 caelo,
333 2132 415 2189 spoliis
425 2132 532 2180 Orientis
541 2133 664 2185 onustum,

10 2222 48 2262 290
59 2204 163 2261 accipies
172 2218 257 2251 secura
266 2221 272 2260 ;
286 2201 413 2249 vocabitur
422 2201 461 2248 hic
471 2215 564 2256 quoqne
573 2199 645 2246 votis.

58 2272 156 2328 Aspera
164 2274 218 2319 tum
228 2271 312 2327 positis
322 2269 450 2316 mitescent
463 2267 559 2315 saecula
567 2265 637 2312 bellis
646 2281 652 2318 ;

58 2356 123 2388 cana
131 2339 204 2388 Fides
214 2341 239 2387 et
248 2340 333 2395 Vesta,
344 2337 422 2385 Remo
433 2335 576 2384 cumfratre
587 2331 702 2389 Quirinus

57 2408 115 2456 iura
124 2409 232 2465 dabunt;
246 2407 313 2454 dirae
322 2406 390 2454 ferro
400 2408 426 2452 et
436 2401 592 2459 compagibus
601 2399 663 2447 artis
731 2424 739 2440 0

58 2477 206 2593 clau(d¹e2111t›ur
213 2476 277 2525 Belli
286 2477 371 2533 portae
379 2494 385 2532 ;
400 2473 482 2520 Furor
490 2471 579 2528 impius
588 2469 655 2516 intus
