1972 3164
445 156 467 195 P.
480 154 601 195 VERGILI
613 153 745 194 MARONIS

199 309 203 316 Ι
252 253 384 310 infectique
394 253 461 300 mihi.
491 251 548 299 Non
557 251 597 299 hic
606 249 711 298 victoria
720 250 845 298 Teucrum

254 321 369 379 vertitur,
380 325 425 369 aut
434 321 516 368 anima
524 335 574 366 una
583 319 652 367 dabit
661 318 807 366 discrimina
814 320 903 367 tanta'

209 406 245 445 530
256 390 369 438 Dixerat.
398 389 494 437 Aeneas
504 389 590 437 contra
599 387 639 436 cui
648 387 711 434 talia
719 387 817 435 reddit:

257 458 263 481 ‘
273 458 379 516 Argenti
388 460 461 514 atque
470 457 526 504 auri
537 471 657 504 memoras
667 471 731 512 quae
740 456 824 504 multa
834 456 936 514 talenta,

256 526 322 573 natis
332 541 404 582 parce
413 525 470 572 tuis.
500 524 565 572 Belli
574 524 720 572 commercia
729 525 833 571 Turnus

257 594 357 642 sustulit
366 594 415 640 ista
423 593 490 649 prior
499 593 548 640 iam
557 594 611 640 tum
622 592 736 640 Pallante
746 595 883 650 perempto.

258 662 313 709 Hoc
322 661 399 718 patris
408 661 529 708 Anchisae
539 676 631 718 manes,
642 661 688 710 hoc
698 662 775 709 sentit
785 662 873 710 Iulus.’

259 729 299 777 Sic
309 730 376 776 istus
385 729 480 787 galeam
489 729 560 776 laeva
568 730 646 786 tenet,
657 730 731 785 atque
740 729 834 777 reflexa

259 797 351 845 cervice
360 797 442 844 oranti
450 796 537 853 capulo
546 799 619 845 tenus
629 797 738 853 applicat
748 813 841 846 ensem.

259 865 311 914 Neo
329 865 414 923 procul
433 865 605 924 Haemonides,
624 866 718 914 Phoebi
737 866 884 923 Triviaeque
903 883 937 914 sa·

316 934 407 991 cardos,

260 1001 339 1049 infula
348 1002 387 1049 cui
396 1017 465 1050 sacra
474 1002 603 1051 redimibat
612 1003 724 1058 tempora
733 1002 807 1062 vitta,

261 1072 328 1118 totus
338 1070 458 1119 collucens
468 1073 535 1120 veste
544 1073 617 1128 atque
626 1071 762 1129 insignibus
772 1072 848 1119 armis
859 1092 865 1120 ε

214 1157 251 1194 5⁴0
262 1153 332 1195 quem
339 1154 480 1196 congressus
486 1140 538 1198 agit
544 1155 638 1198 campo,
644 1139 789 1196 lapsumque
795 1140 938 1196 superstans

261 1207 380 1264 immolat,
390 1208 532 1266 ingentique
541 1209 630 1256 umbra
638 1208 702 1265 tegit
711 1228 718 1266 ;
733 1223 805 1255 arma
814 1209 926 1256 Serestus

261 1274 326 1322 lecta
334 1276 411 1324 refert
419 1278 518 1335 umeris,
528 1277 583 1336 tibi,
593 1293 637 1325 rex
648 1276 762 1332 Gradive,
773 1278 910 1332 tropaeum.

262 1344 407 1391 Instaurant
417 1344 480 1393 acies
489 1345 596 1394 Vulcani
604 1345 679 1401 stirpe
690 1346 789 1392 creatus

262 1411 380 1460 Caeculus
389 1414 415 1460 et
424 1413 522 1461 veniens
532 1414 669 1461 Marsorum
680 1413 805 1461 montibus
815 1411 926 1459 Umbro:

262 1480 414 1528 Dardanides
424 1485 509 1530 contra
518 1481 589 1530 furit.
619 1481 727 1530 Anxuris
736 1496 795 1529 ense
806 1481 931 1529 sinistram

262 1551 288 1596 et
296 1550 376 1597 totum
386 1549 457 1606 clipei
465 1550 533 1598 ferro
542 1550 660 1598 deiecerat
670 1550 753 1598 orbem

262 1618 366 1675 (dixerat
376 1618 416 1665 ille
425 1618 517 1676 aliquid
526 1634 650 1676 magnum,
660 1618 756 1674 vimque
766 1617 844 1664 affore
854 1615 928 1663 verbo

263 1686 405 1743 crediderat,
417 1686 529 1743 caeloque
539 1686 647 1734 animum
656 1686 760 1733 fortasse
770 1683 876 1739 ferebat,

263 1755 422 1811 canitiemque
432 1755 477 1801 sibi
487 1757 512 1802 et
521 1754 605 1812 longos
614 1754 758 1810 promiserat
767 1752 855 1807 annos)
864 1772 870 1798 ε

215 1843 252 1880 550
264 1823 395 1879 Tarquitus
405 1823 530 1870 exsultans
539 1825 625 1870 contra
634 1821 784 1879 fulgentibus
790 1820 878 1876 armis,

263 1891 382 1940 silvicolae
391 1891 478 1938 Fauno
488 1891 585 1947 Dryope
594 1906 665 1947 quem
675 1889 790 1946 Nympha
799 1888 903 1943 crearat,

262 1960 347 2008 obvius
356 1958 452 2006 ardenti
462 1974 513 2006 sese
522 1959 619 2006 obtulit.
650 1958 695 2006 Ille
704 1958 807 2005 reducta

262 2028 361 2076 loricam
372 2027 487 2084 clipeique
496 2027 582 2086 ingens
591 2042 652 2074 onus
661 2026 762 2082 impedit
772 2025 844 2071 hasta
852 2042 859 2080 ;

262 2098 316 2144 tum
327 2098 401 2152 caput
409 2095 502 2143 orantis
512 2095 656 2152 nequiquam
667 2097 691 2142 et
701 2094 781 2140 multa
790 2090 901 2148 parantis

263 2165 342 2213 dicere
351 2164 465 2212 deturbat
474 2167 562 2221 terrae,
572 2166 734 2218 truncumque
743 2162 867 2216 tepentem

263 2234 406 2289 provolvens
416 2248 488 2288 super
497 2233 556 2280 haec
565 2232 663 2279 inimico
672 2233 770 2286 pectore
780 2229 851 2275 latur
861 2247 867 2274 ε

264 2301 338 2349 ‘Istic
348 2316 420 2357 nunc,
427 2301 562 2357 metuende,
569 2300 628 2346 iace.
658 2299 715 2345 Non
724 2300 749 2345 ts
756 2297 850 2352 optima
860 2296 939 2341 mater

263 2370 349 2416 condet
358 2368 434 2425 humi,
444 2368 553 2424 patriove
563 2367 674 2415 onerabit
684 2367 793 2413 membra
802 2362 927 2420 sepulcro:

262 2436 361 2484 alitibus
371 2437 478 2492 linquere
488 2437 554 2494 feris,
565 2437 609 2484 aut
618 2436 715 2493 gurgite
724 2449 831 2482 mersum

311 2503 381 2554 (362)
