1972 3164
405 164 555 206 GEORGICA.
581 167 613 206 1v

122 263 159 302 180
170 259 208 307 At
216 258 295 306 fessae
303 259 382 308 multe
390 261 501 309 referunt
510 277 536 309 ee
545 264 615 310 nocte
625 264 736 322 minores,

170 343 245 376 crure
254 328 337 385 thymo
347 328 430 384 plenae
438 349 444 386 ;
459 331 594 385 pascuntur
602 331 628 378 et
637 331 726 379 arbuto
735 332 823 388 passim

168 399 196 445 et
205 397 304 453 glaucos
314 397 397 446 salices
408 398 543 455 casiamque
553 414 695 456 crocumque
704 401 830 449 rubentem

132 511 137 518 ,
169 467 197 513 et
206 466 321 522 pinguem
329 466 408 513 tiliam
417 469 442 514 et
451 467 602 525 ferrugineos
611 468 762 525 hyacinthos.

169 534 290 583 Omnibus
299 551 350 582 une
358 535 424 591 quies
433 551 540 594 operum,
551 536 621 584 labor
629 537 740 584 omnibus
749 553 812 584 unus
822 559 828 586 ε

169 617 242 650 mune
248 606 324 651 ruunt
329 603 420 662 portis;
434 621 553 662 nusquam
561 620 629 651 moro
636 624 642 662 ;
657 621 742 653 rursus
750 607 845 654 eusdem

169 686 257 727 vesper
267 672 308 719 ubi
318 687 331 719 e
341 674 414 729 pastu
422 674 522 722 tandem
532 674 646 721 decedere
656 674 746 730 cempis

168 739 306 798 admonuit,
316 742 370 788 tum
379 743 445 788 tecta
454 742 550 799 petunt,
558 743 612 788 tum
623 756 724 798 corpore
733 745 834 801 curunt;

169 809 201 856 fit
210 809 303 856 sonitus
312 811 468 867 mussemue
478 825 532 856 ores
542 811 567 857 et
576 809 661 856 limine
670 809 768 859 circum.

169 877 232 925 Post
240 876 283 924 ubi
290 877 340 924 iem
349 877 462 925 thelemis
473 893 497 929 se
507 893 668 935 composuere,
679 877 765 926 siletur

122 965 160 1002 ιφ
169 945 197 993 in
206 947 310 1002 noctem,
320 945 441 1001 fessosque
451 961 522 1002 sopor
531 962 589 994 suus
598 949 700 1003 occupat
710 949 787 996 crtus.

170 1014 224 1062 Nec
233 1029 291 1061 vero
300 1028 315 1060 u
324 1014 426 1061 stabulis
435 1014 518 1070 pluvie
524 1014 678 1070 impendente
687 1017 803 1064 recedunt

169 1081 274 1139 longius,
284 1083 329 1129 cut
339 1083 441 1130 credunt
451 1082 516 1130 caelo
525 1083 713 1130 adventantibus
723 1084 811 1141 Euris;

169 1151 214 1199 sed
223 1150 313 1198 circum
322 1152 392 1198 tutue
402 1150 446 1197 sub
458 1151 581 1198 moenibus
591 1151 657 1198 urbis
667 1153 789 1206 aquantur

168 1233 332 1274 excursusque
341 1218 426 1266 breves
435 1220 566 1276 temptent,
578 1221 603 1267 et
613 1234 683 1274 saepe
693 1219 796 1277 lapillos,

168 1288 200 1333 ut
210 1286 308 1343 cymbae
317 1286 442 1334 instabiles
452 1288 529 1335 fluctu
537 1286 645 1334 iactante
655 1286 790 1344 saburrum,

168 1355 270 1412 tollunt,
280 1355 317 1402 bis
327 1370 378 1403 sese
387 1371 431 1411 per
441 1355 524 1402 inania
532 1354 617 1402 nubile
626 1354 726 1402 librent.

168 1423 245 1472 Illum
255 1424 314 1471 cdeo
323 1423 441 1480 placuisse
450 1423 536 1479 opibus
550 1423 668 1470 mirabere
677 1437 776 1479 morem,

169 1492 235 1549 quod
257 1507 334 1548 neque
361 1492 490 1540 concubitu
516 1492 653 1548 indulgent,
675 1505 719 1538 nec
746 1505 847 1547 corpore

227 1575 312 1618 segnes

168 1628 325 1678 inveneram
336 1629 433 1676 solvunt
442 1630 486 1677 cut
495 1629 561 1676 fetus
571 1628 667 1676 nixibus
677 1630 752 1677 edunt
760 1648 766 1685 ;

122 1716 160 1743 πω
170 1712 256 1745 verum
265 1698 331 1753 ipsse
341 1713 354 1746 e
363 1698 427 1747 foliis
437 1700 515 1755 notos,
526 1713 539 1745 e
550 1697 663 1744 suavibus
672 1697 752 1745 herbis

168 1781 212 1814 ore
221 1767 315 1824 legunt,
323 1767 389 1823 ipsus
399 1782 480 1824 regem
490 1781 623 1823 parvosque
634 1766 740 1824 Quirites

167 1834 302 1893 sufficiunt,
312 1835 427 1891 autemus
436 1836 461 1882 ct
471 1850 541 1883 ceree
549 1850 626 1893 regnu
635 1835 765 1891 refingunt.

169 1908 248 1964 Saepe
258 1908 331 1956 etiem
341 1908 407 1954 duris
417 1908 519 1955 errando
528 1908 554 1954 in
563 1907 656 1955 cotibus
666 1907 717 1954 eles

168 1977 296 2035 attrivere,
305 1977 418 2032 ultroque
427 1976 533 2023 unimam
543 1975 588 2023 sub
597 1976 663 2024 fasce
673 1975 759 2022 dedere
768 1995 773 2021 :

168 2046 258 2092 tentus
267 2060 335 2092 umor
344 2044 431 2092 dorum
441 2046 466 2092 et
476 2044 608 2103 generandi
616 2043 694 2100 glorie
702 2042 789 2090 mellis.

169 2112 238 2170 Ergo
246 2113 311 2169 ipsus
321 2113 430 2168 quumvis
439 2112 538 2169 angusti
547 2111 665 2159 terminus
674 2110 727 2158 nevi

169 2181 276 2237 excipiet
286 2182 371 2239 (neque
381 2181 445 2228 enim
454 2181 509 2237 plus
519 2180 622 2237 septime
631 2179 729 2226 ducitur
738 2177 835 2236 uestes),

169 2251 198 2297 et
206 2265 283 2307 genus
297 2251 434 2298 immor-tede
442 2252 533 2308 munet,
543 2250 679 2304 multosque
688 2263 732 2304 per
741 2260 817 2293 annos
880 2287 882 2291 ,

170 2320 223 2366 stet
232 2319 332 2366 fortuna
342 2320 434 2376 domus,
445 2321 471 2366 et
480 2318 520 2366 evi
524 2318 691 2365 numeruntur
700 2329 807 2362 ovorum.

122 2409 161 2436 210
172 2387 304 2435 Praetereo
312 2403 394 2444 regem
404 2402 454 2434 non
463 2387 497 2434 sic
506 2387 632 2443 Aegyptus
642 2386 667 2431 et
673 2384 758 2439 ingens

171 2457 251 2513 Lydio
260 2472 304 2504 nec
313 2456 396 2512 populi
405 2455 553 2503 Per-thorum
563 2454 607 2501 eut
622 2453 709 2500 Medus
720 2451 847 2508 Hydaspes

220 2525 279 2579 (oe)
485 2533 518 2562 1³2
