1972 3164
421 174 532 215 AENEIS.
557 176 601 215 ΧΠ

171 271 270 327 quisque
284 285 355 317 suum
365 270 495 326 populatus
504 270 552 318 iter
565 293 569 318 :
585 286 633 318 non
643 272 740 329 segnius
750 275 821 322 ambo

171 340 265 386 Aeneas
275 339 419 394 Turnusque
428 340 505 385 ruunt
514 354 558 395 per
567 339 669 395 proelia;
684 356 750 388 nunc
759 357 824 389 nunc

171 407 275 454 fluctuat
284 406 322 452 ira
331 405 406 462 intus,
416 409 565 462 rumpuntur
575 407 655 454 nescia
664 407 728 455 vinci

172 476 278 531 pectora,
289 490 353 522 nunc
362 475 421 522 totis
431 475 456 522 in
465 475 567 522 vulnera
576 475 667 540 viribus
676 476 735 524 itur.

172 544 319 590 Murranum
328 544 375 600 hic,
386 545 470 591 atavos
476 546 502 591 et
508 559 608 590 avorum
614 544 715 600 antiqua
721 547 847 592 sonantem

123 624 160 661 ⁵30
171 611 277 668 nomina,
288 627 332 667 per
338 627 453 669 regesque
463 613 545 660 actum
560 628 635 670 genus
645 629 715 660 omne
725 614 833 670 Latinos,

171 681 328 737 praecipitem
338 681 435 737 scopulo
444 681 517 736 amne
527 681 632 739 ingentis
642 683 739 730 turbine
749 682 802 729 saxi

170 749 264 797 excutit
273 750 424 805 effunditque
433 750 496 796 solo:
512 749 576 797 hunc
583 750 636 798 lore
645 752 670 798 et
683 751 742 808 iuga
750 751 834 798 subter

171 816 311 873 provolvere
321 819 397 874 rotae,
408 817 491 866 crebro
500 832 573 874 super
582 820 674 876 ungula
683 821 755 876 pulsu

170 886 246 934 incita
254 902 299 934 neo
308 887 399 934 domini
408 902 540 934 memorum
549 888 673 943 proculcat
683 904 807 944 equorum.

170 955 216 1003 Ille
224 955 305 1002 ruenti
315 955 390 1011 Hyllo
399 955 531 1012 animisque
540 956 645 1004 immane
655 957 771 1005 trementi

168 1024 282 1081 occurrit,
294 1024 416 1080 telumque
426 1026 514 1072 aurato
523 1025 555 1072 ad
564 1027 674 1080 tempora
683 1026 781 1080 torquet
794 1045 799 1070 ι

168 1092 209 1139 olli
219 1108 263 1148 per
272 1093 367 1149 galeam
377 1093 426 1140 fixo
435 1093 505 1140 stetit
515 1093 588 1140 hasta
598 1093 703 1140 cerebro.

170 1160 279 1208 Dextera
288 1165 387 1209 nectua
396 1163 430 1216 te,
441 1161 543 1208 Graium
552 1160 684 1207 fortissime
694 1159 809 1216 Cretheu,

169 1227 260 1282 eripuit
270 1228 362 1275 Turno.
392 1228 444 1274 Nec
454 1229 479 1274 di
488 1229 570 1274 texere
581 1227 721 1281 Cupencum

123 1310 159 1345 540
171 1295 254 1341 Aenea
263 1295 374 1341 veniente
384 1293 435 1341 sui:
452 1294 519 1341 dedit
529 1294 600 1340 obvia
609 1294 674 1341 ferro

171 1364 278 1418 pectora,
288 1377 332 1408 nec
342 1361 430 1407 misero
439 1361 508 1416 clipei
517 1376 586 1408 mora
595 1362 688 1417 profuit
697 1363 770 1410 aerei.

171 1431 206 1477 Te
216 1444 309 1485 qnoque
319 1430 455 1476 Laurentes
464 1430 586 1487 viderunt,
597 1429 678 1487 Aeolo,
690 1431 769 1486 campi

170 1499 284 1554 oppetere
294 1500 319 1545 et
332 1497 383 1544 iate
393 1499 484 1545 terram
494 1500 647 1546 consternere
656 1501 733 1554 tergo.

170 1568 275 1624 Occidis,
285 1567 393 1624 Argium
402 1581 472 1622 quem
481 1582 530 1614 non
540 1569 639 1622 potuere
650 1566 782 1625 phalanges

170 1639 279 1684 sternere
288 1651 333 1682 nec
344 1635 436 1682 Priami
445 1650 574 1692 regnorum
583 1650 680 1682 eversor
688 1634 794 1682 Achilles
803 1653 808 1688 ;

169 1706 209 1753 hic
218 1705 264 1753 tibi
273 1704 359 1752 moitis
369 1706 440 1751 eraut
449 1706 528 1751 metae
538 1724 544 1752 ι
560 1704 644 1752 domus
654 1704 705 1751 alta
714 1704 759 1750 sub
769 1702 822 1760 Idu,

170 1774 272 1830 Lyrnesi
282 1774 367 1821 domus
378 1773 438 1830 ulta,
449 1773 500 1821 solo
509 1774 631 1821 Laurente
641 1774 786 1830 sepulcrum.

170 1843 246 1890 Totae
256 1843 315 1890 adeo
325 1857 455 1890 conversae
464 1843 535 1900 acies,
545 1859 674 1899 omnesque
684 1842 774 1899 Latini,

168 1926 250 1959 omnes
259 1912 424 1968 Dardanidae,
435 1912 586 1969 Mnestheus,
596 1928 698 1968 acerque
709 1912 830 1963 Serestus,

122 1995 156 2031 550
168 1983 194 2027 et
203 1981 331 2035 Messapus
341 1995 429 2035 equum
439 1980 550 2037 domitor,
560 1983 585 2027 et
595 1981 666 2027 tortis
676 1979 766 2032 Asilas,

169 2048 351 2102 Tuscorumque
360 2047 476 2103 phalanx,
486 2048 642 2102 Evandrique
651 2046 760 2092 Arcades
770 2043 832 2099 alae,

169 2129 213 2168 pro
222 2129 248 2160 se
257 2115 357 2167 quisque
365 2112 414 2157 viri
423 2126 518 2157 summa
527 2113 642 2157 nituntur
651 2125 724 2164 opum
734 2111 759 2155 vi
768 2130 774 2156 ι

169 2195 214 2227 nec
224 2194 292 2225 mora
301 2194 346 2224 nec
354 2177 457 2232 requies,
467 2180 537 2224 vasto
546 2177 677 2224 cartamine
686 2177 800 2224 tendunt.

199 2247 248 2293 Hie
257 2248 363 2292 mentem
374 2245 469 2290 Aeneae
479 2245 589 2300 genetrix
598 2244 762 2299 pulcherrima
771 2246 845 2303 misit,

170 2316 218 2362 iret
227 2316 257 2361 ut
267 2314 299 2360 ud
308 2326 398 2367 muros,
408 2311 509 2367 urbique
519 2313 658 2359 adverteret
668 2327 754 2367 agmen

169 2385 235 2432 ocius
245 2385 270 2429 et
280 2383 362 2428 subita
371 2379 483 2427 turbaret
493 2381 560 2428 clude
570 2380 678 2427 Latinos.

170 2454 215 2501 Ille
224 2454 254 2499 ut
264 2453 388 2570 vJestigans
398 2449 492 2496 diversa
502 2466 546 2506 per
555 2450 653 2507 agmina
662 2449 772 2497 Turnum

218 2524 226 2571 (
235 2537 270 2571 421
