1972 3164
317 189 428 230 AENEIS.
453 191 474 229 X

58 283 241 342 maturiorem,
253 299 337 341 meque
346 285 391 333 hoc
401 285 437 333 ite
447 277 534 342 honere
543 288 627 345 sentis,

57 353 116 400 tolle
125 353 185 410 fuge
195 354 305 400 Turnum
314 356 387 410 atque
396 355 545 402 instantibus
555 357 621 411 eripe
630 356 689 402 fatis
698 377 704 403 ι

58 421 175 468 hactenus
185 422 313 470 indulsisse
322 423 402 470 vacet.
433 423 476 469 Sin
487 423 560 470 altior
569 424 622 470 istis

58 490 103 537 sub
113 491 223 545 precibus
233 491 304 537 venia
312 490 364 537 ulla
373 491 443 549 latet,
455 492 581 547 totumque
591 493 682 539 moveri

58 559 179 605 mutarive
189 560 261 615 putas
272 558 370 616 bellum,
381 574 436 614 spes
446 559 525 615 poscis
534 560 634 607 inanes)

58 627 94 673 Et
104 626 165 673 Iuno
175 627 341 674 allacrimans:
353 626 428 682 ‘Quid
438 628 467 684 si,
474 643 598 684 quaevooe
607 628 727 686 gravaris,

59 697 140 741 mente
150 695 220 742 dares
230 697 303 750 atque
312 695 371 742 haec
382 696 465 743 Turno
474 699 531 744 reta
539 698 592 744 vita
600 699 727 745 maneret?

10 773 49 821 630
59 762 132 810 Nunc
142 765 224 810 menet
233 764 353 811 insontem
362 765 443 820 gravis
454 765 541 823 exitus,
553 768 597 813 eut
607 782 651 823 ego
660 766 713 814 veri

58 847 123 878 vana
132 832 205 879 feror.
236 832 306 888 Quod
316 833 346 878 ut
355 847 369 879 o
379 832 459 888 potius
468 833 596 881 formidine
605 834 669 881 falsa

58 900 164 948 luderet
174 901 199 947 in
209 901 293 948 melius
304 903 357 958 tua,
368 901 409 957 qui
419 903 495 959 potes,
506 918 561 950 orsa
570 902 681 951 reflectas
691 904 711 950 1'

59 969 128 1017 Haec
138 969 179 1016 ubi
188 970 255 1017 dicte
263 970 338 1027 dedit,
350 969 416 1018 caelo
425 986 450 1018 se
460 971 570 1026 protinus
581 972 632 1019 alto

58 1037 133 1094 misit,
144 1053 218 1094 agens
227 1039 329 1086 hiemem
339 1039 421 1086 nimbo
430 1040 554 1087 succincta
563 1041 606 1095 pe'r
616 1055 697 1096 auras,

59 1106 205 1162 Iliacamque
215 1107 290 1154 eciem
300 1109 326 1155 et
335 1108 469 1154 Lamentis
479 1109 560 1154 cestra
569 1107 664 1163 petivit.

60 1175 124 1221 Tum
134 1176 180 1222 dea
189 1175 252 1222 nube
262 1191 322 1222 cava
330 1177 429 1222 tenuem
440 1175 490 1221 sine
500 1175 591 1221 viribus
601 1175 713 1221 umbram

59 1242 183 1289 infaciem
193 1243 290 1290 Aeneae
301 1242 364 1298 (visu
373 1242 483 1288 mirabile
493 1244 638 1297 monstrum)

61 1311 193 1358 Dardaniis
203 1313 275 1358 ornat
284 1311 348 1368 telis,
359 1310 508 1366 clipeumque
518 1310 634 1367 iubasque

60 1379 137 1426 divini
148 1379 274 1426 assimulat
284 1379 378 1435 cepitis,
388 1377 432 1425 dat
440 1379 523 1426 inania
532 1379 615 1436 verbe,

12 1456 52 1507 ⁶4⁰
60 1448 104 1495 det
115 1448 167 1495 sine
176 1449 255 1494 mente
265 1462 359 1503 sonum,
369 1462 513 1503 gressusque
523 1448 616 1504 effingit
625 1448 714 1504 euntis,

61 1519 141 1564 morte
150 1516 217 1565 obita
226 1515 308 1571 quales
318 1515 385 1562 famo
394 1516 432 1562 est
441 1515 544 1563 volitare
553 1516 653 1573 figuras,

61 1588 106 1634 aut
115 1600 177 1641 quae
187 1585 277 1640 sopitos
287 1584 405 1631 deludunt
415 1584 508 1630 somnia
517 1599 610 1631 sensus.

61 1655 97 1702 At
107 1653 198 1710 primas
208 1653 274 1701 loeta
282 1654 340 1715 ante
350 1652 413 1700 acies
422 1652 530 1699 exsultat
539 1653 629 1710 imago,

61 1724 190 1779 irritatque
200 1723 280 1768 virum
290 1721 345 1768 telis
355 1723 380 1769 et
389 1736 447 1768 voce
457 1721 561 1768 lacessit.

62 1792 145 1839 Instat
155 1792 195 1839 cui
204 1791 302 1837 Turnus
312 1790 501 1845 stridentemque
511 1791 604 1838 eminus
614 1790 711 1837 hastam

63 1861 174 1909 coniicit:
190 1860 233 1907 illa
243 1860 301 1906 dato
310 1860 386 1906 vertit
396 1859 500 1917 vestigia
509 1862 588 1918 tergo.

64 1929 127 1975 Tum
137 1933 194 1976 ver‘o
204 1929 304 1976 Aenean
314 1943 425 1975 aversum
436 1928 465 1974 ut
475 1928 560 1976 cedere
571 1929 669 1974 Turnus

64 1998 166 2045 credidit
173 1999 244 2053 atque
252 1998 332 2044 animo
342 2013 408 2052 spem
415 1997 527 2043 turbidus
537 1997 619 2043 hausit
628 1996 725 2042 inanem
734 2014 740 2041 ι

66 2066 73 2087 ‘
83 2067 136 2123 Quo
145 2066 219 2124 iugis,
229 2067 330 2114 Aenea?
342 2066 463 2112 thalamos
473 2081 504 2112 ne
513 2065 595 2111 desere
605 2066 702 2119 pectem

17 2146 55 2193 ⁶50
65 2137 111 2184 hae
121 2136 220 2183 dabitur
230 2136 317 2183 dextra
326 2133 399 2180 tellus
409 2132 519 2188 quaesita
528 2147 572 2188 per
579 2131 674 2178 undas.’

65 2205 137 2253 Talia
146 2205 281 2253 vociferans
292 2202 409 2258 sequitur,
420 2201 579 2257 strictumque
589 2200 700 2247 coruscat

65 2290 214 2331 mucronem,
225 2288 268 2320 nec
278 2272 343 2319 ferre
353 2271 420 2316 videt
429 2285 474 2316 sue
482 2269 572 2326 gaudia
581 2269 676 2315 ventos.

66 2345 142 2392 Forte
151 2344 213 2390 ratis
226 2341 283 2389 celsi
293 2339 424 2387 coniuncta
433 2338 554 2394 crepidine
565 2336 617 2383 saxi

66 2412 181 2469 expositis
190 2411 272 2457 stabat
282 2408 353 2456 scalis
362 2409 387 2455 et
397 2407 470 2463 ponte
480 2407 574 2462 parato,

67 2496 115 2536 que
122 2495 166 2526 rex
175 2478 279 2527 Clusinis
290 2477 405 2524 advectus
416 2473 514 2523 Osinius
523 2472 579 2521 oris.

115 2549 124 2597 (
133 2551 168 2598 3⁶⁵
177 2549 186 2595 )
