1972 3164
314 285 625 364 MORETUM

428 445 504 471 ..00-

131 549 213 642 IAM
222 567 270 598 nox
280 551 392 598 hibernas
401 551 438 597 bis
448 549 552 606 quinque
562 554 698 608 peregerat
707 551 781 599 horas

174 621 344 675 excubitorque
354 619 417 666 diem
427 621 502 665 cantu
511 619 670 673 praedixerat
681 619 743 675 ales,

131 688 236 743 Simylua
246 688 327 745 exigui
337 687 417 734 cultor
427 702 482 733 cum
491 686 600 733 rusticus
611 687 675 744 agri,

129 757 211 803 tristia
221 758 338 802 venturae
348 757 459 801 metuens
469 754 558 800 ieiunia
567 754 641 811 lucis,

129 823 238 869 membra
246 823 311 868 levat
321 823 364 868 vili
374 822 462 869 sensim
472 822 575 868 demissa
584 823 694 878 grabato

129 891 278 946 sollidtscue
287 906 362 937 mauu
371 891 483 937 tenebras
493 890 606 945 explorat
615 891 710 939 inertes

130 959 281 1015 vestigamuc
291 958 381 1014 focum,
391 958 471 1004 laesus
481 973 552 1012 quem
562 957 668 1014 denique
678 959 765 1006 sentit.

131 1027 248 1083 parvulus
257 1029 343 1073 exusto
352 1026 493 1073 remanebat
503 1025 586 1080 stipite
597 1026 683 1074 fumus

131 1097 157 1142 et
167 1095 226 1142 cinis
236 1095 353 1141 obductae
364 1093 458 1141 celabat
467 1093 561 1140 lumina
570 1109 674 1148 prunae.

108 1180 121 1204 ο
132 1164 244 1211 ndmovct
253 1163 290 1209 his
300 1178 401 1218 pronam
411 1161 530 1208 submissa
539 1162 623 1210 fronte
633 1162 763 1211 luoernsm

132 1235 158 1279 et
168 1232 279 1287 producit
289 1247 335 1278 acu
345 1233 446 1286 stuppas
456 1245 540 1277 umore
550 1232 672 1288 carentes,

131 1300 223 1347 excitat
232 1302 258 1346 et
267 1299 356 1346 crebris
366 1299 523 1354 languentem
532 1298 632 1345 flatibus
642 1299 737 1357 iguem.

131 1368 230 1414 taudem
240 1369 363 1424 concepto,
374 1367 415 1414 sed
424 1367 472 1423 vix,
483 1366 578 1423 fulgore
588 1368 691 1424 recedit,

131 1435 286 1491 oppositaque
296 1452 370 1482 mauu
379 1436 461 1482 lumen
471 1435 579 1483 defendit
589 1435 621 1482 ab
631 1452 704 1494 aura,

131 1506 156 1550 ct
166 1506 259 1551 reseret
269 1503 355 1560 plausa
364 1519 425 1559 quae
435 1503 544 1559 pervidet
554 1503 616 1551 ostis
627 1504 702 1553 claui.

131 1572 200 1618 fusus
211 1575 264 1619 erat
271 1574 339 1619 terra
348 1572 466 1619 frumenti
476 1587 568 1628 pauper
577 1587 681 1620 acervus
690 1593 696 1620 z

131 1641 186 1687 hinc
197 1641 241 1686 sibi
252 1640 380 1697 depromit,
391 1644 509 1696 quantum
519 1656 633 1688 mensura
644 1641 758 1698 patebat,

130 1724 191 1763 quae
201 1708 237 1754 bis
247 1709 272 1754 in
282 1711 381 1755 octonas
391 1709 497 1755 excurrit
508 1708 612 1764 pondere
621 1709 707 1756 libras.

159 1777 219 1823 Inde
229 1776 280 1822 abit
290 1777 433 1832 adsistitquo
443 1778 519 1824 molae
529 1792 653 1832 parvaque
660 1778 765 1834 tabella,

96 1858 121 1884 20
131 1860 203 1901 quom
214 1845 287 1891 fixum
296 1844 375 1900 paries
385 1846 438 1892 illos
449 1846 561 1893 servabat
571 1845 596 1891 in
606 1861 675 1902 usus,

130 1913 223 1959 lumina
233 1912 281 1958 fida
288 1912 360 1958 locat.
390 1914 497 1968 geminos
507 1915 560 1959 tum
570 1915 637 1960 reste
648 1913 757 1962 lacertos

130 1981 218 2027 liberat
227 1982 252 2027 et
262 1980 356 2027 cinctus
366 1980 464 2028 villosae
473 1981 578 2037 tegmine
589 1977 677 2036 caprae

130 2049 248 2105 pervenit
258 2049 335 2095 cauda
345 2049 422 2096 silices
432 2050 596 2105 gremiumque
607 2049 738 2098 molarum.

130 2118 232 2163 advocat
242 2117 297 2163 iude
307 2133 393 2163 manus
403 2117 477 2173 operi,
489 2118 595 2172 partitus
605 2118 716 2173 utrique:

130 2185 199 2231 laeva
210 2185 350 2241 ministerio,
362 2186 449 2231 dextra
458 2189 496 2232 est
505 2186 601 2231 intenta
610 2185 698 2232 labori.

130 2253 190 2300 haee
200 2257 265 2300 rotat
275 2253 402 2300 adsiduum
413 2254 478 2308 gyris
488 2255 513 2300 et
520 2253 627 2299 concitat
637 2253 732 2310 orbem,

131 2321 204 2364 tunsa
214 2320 286 2364 Ceres
297 2319 389 2364 silicum
400 2318 484 2373 rapido
494 2318 600 2364 deemnit
610 2318 641 2363 ab
652 2318 712 2366 ictu.

130 2386 253 2432 interdum
264 2386 342 2433 fessae
352 2387 458 2433 succedit
469 2387 538 2433 laeva
547 2386 624 2432 semri

129 2453 282 2569 wintine
292 2454 362 2501 vices.
393 2455 463 2502 modo
473 2455 564 2502 rustica
574 2455 685 2502 carmina
695 2460 784 2504 cantat

195 2535 218 2569 ⁴7
