1972 3164
308 170 418 212 nnuma
443 171 487 211 VII

60 267 88 316 et
96 267 187 317 violare
195 283 271 316 manu
279 270 395 327 malisque
405 271 536 319 audacibus
545 270 626 318 orbem
706 285 710 290 ’
718 269 720 273 ’

61 335 146 383 fatalis
155 337 240 394 crusti,
250 337 340 394 patulis
349 354 394 386 nee
403 354 502 393 parcere
512 339 609 394 quadris
618 359 623 387 r

61 403 156 461 ‘Heus
166 404 240 452 etiam
250 421 344 453 mensus
354 407 530 453 consumimus’
541 407 620 463 inquit
630 406 706 463 Iulus,

60 487 107 520 nec
116 472 188 529 pluru
197 473 313 523 alludens.
342 475 381 522 Ea
389 490 437 523 vox
448 475 532 522 audita
541 475 652 523 laborum

61 541 141 598 prima
150 541 209 588 tulit
218 542 300 599 finem,
310 543 460 599 primamque
469 544 588 599 loquentis
598 543 629 590 ab
638 559 680 591 ore

61 609 152 665 eripuit
161 611 232 666 pater
241 626 270 658 ac
279 611 431 666 stupefactus
440 612 539 659 numine
549 612 644 668 pressit.

13 697 52 724 120
63 677 184 725 Continuo
194 678 281 726 ‘Salve
291 679 349 726 fatis
359 679 419 725 mihi
428 679 510 727 debita
518 680 600 737 tellus,

62 747 164 802 vosque'
175 746 219 804 ait,
231 747 259 795 ‘o
271 747 313 794 fidi
323 748 408 795 Troiae
418 747 509 795 salvete
518 748 622 795 Penates
632 768 638 796 ε

61 814 102 862 hic
117 815 210 873 domus,
226 815 287 863 haec
301 816 383 871 patria
402 818 447 864 est.
478 816 579 864 Genitor
598 816 658 863 mihi
675 816 737 864 talia

118 897 221 938 namque

61 950 137 1007 (nunc
146 951 238 1008 repeto)
248 951 365 999 Anchises
374 952 482 1000 fatorum
492 968 582 1000 arcana
590 952 688 1008 reliquit
698 973 703 1000 ι

62 1034 118 1066 cum
127 1020 162 1076 te,
172 1021 238 1077 nate,
249 1019 326 1068 fames
336 1021 421 1079 ignota
430 1021 461 1068 ad
472 1021 546 1068 litora
555 1022 652 1068 vectum

61 1087 147 1134 accisis
156 1089 226 1144 coget
236 1087 338 1144 dapibus
347 1103 487 1137 consumere
497 1103 600 1145 memes,

61 1157 117 1202 tum
127 1171 224 1212 sperare
233 1157 315 1204 domos
325 1157 432 1204 defessus
444 1158 523 1213 ibique
533 1158 654 1204 memento

62 1224 142 1280 prima
151 1224 230 1272 locere
240 1240 313 1272 manu
322 1225 446 1282 molirique
456 1241 545 1283 aggere
556 1226 630 1271 tecta.

63 1292 132 1340 Haec
142 1294 195 1340 erat
204 1293 247 1340 illa
256 1293 333 1340 iames
342 1312 349 1350 ;
362 1293 422 1340 haec
432 1308 476 1340 nos
486 1307 600 1348 suprema
609 1291 731 1359 manebat,
794 1327 798 1333 .

62 1360 143 1407 exitiis
152 1361 262 1417 positura
270 1362 376 1409 modum.

15 1443 53 1480 1³⁰
64 1428 145 1485 Quare
154 1429 219 1486 agite
228 1431 254 1477 et
263 1429 341 1486 primo
350 1429 409 1477 laeti
418 1445 472 1477 cum
482 1429 573 1476 lumine
583 1427 640 1476 solis

62 1512 125 1552 quae
143 1497 204 1555 loca,
223 1497 293 1554 quive
312 1498 418 1545 habeant
440 1497 558 1555 homines,
579 1495 621 1543 ubi
644 1496 739 1543 moenia

120 1566 208 1624 centis,

62 1634 210 1692 vestigemus
219 1636 245 1682 et
254 1650 270 1682 a
279 1637 353 1691 portu
363 1635 458 1682 diversa
467 1637 586 1690 petamus.

62 1702 136 1750 Nune
146 1703 243 1758 putores
252 1702 326 1750 libate
336 1702 389 1750 Iovi
398 1703 554 1759 precibusque
564 1706 650 1752 vocate

62 1770 186 1818 Anchisen
194 1771 328 1828 genitorem
338 1773 363 1819 et
372 1772 429 1818 vina
438 1771 547 1828 reponite
556 1773 662 1820 mensis!

64 1839 104 1886 Sic
113 1839 198 1886 deinde
207 1840 297 1886 effatus
306 1839 431 1887 frondenti
440 1841 551 1895 tempora
559 1856 628 1889 ramo

62 1906 180 1965 implicat,
190 1909 216 1955 et
226 1908 376 1964 Geniumque
385 1907 431 1955 loci
440 1909 589 1965 primamque
599 1910 700 1957 deorum

64 1975 186 2023 Tellurem
195 1976 369 2032 Nymphasque
378 1979 403 2024 et
412 1976 491 2024 adhuc
500 1977 585 2032 ignota
594 1979 709 2033 precatur

63 2043 172 2101 flumina,
182 2045 236 2090 tum
246 2045 349 2091 Noctem
359 2044 491 2099 Noctisque
501 2045 603 2091 orientia
613 2045 683 2100 signe

63 2112 209 2168 Idaeumque
217 2113 299 2160 Iovem
310 2112 487 2170 Phrygiamque
497 2126 527 2158 ex
536 2111 620 2158 ordine
629 2113 734 2158 matrem

14 2197 55 2234 140
64 2180 169 2237 invocat,
179 2181 204 2228 et
214 2180 319 2236 duplices
329 2180 441 2235 caeloque
450 2178 575 2232 Ereboque
585 2179 705 2233 parentes.

64 2249 112 2295 His
122 2249 197 2295 Pater
205 2248 357 2304 omnipotens
366 2250 405 2294 ter
415 2246 481 2294 caelo
491 2246 571 2293 clarus
583 2244 613 2291 ab
623 2244 674 2290 alto

62 2316 179 2373 intonuit,
189 2316 309 2372 radiisque
318 2317 444 2363 ardentem
455 2314 515 2361 lucis
525 2314 551 2360 et
560 2328 621 2359 auro

62 2384 115 2440 ipse
124 2399 199 2431 manu
207 2384 317 2439 quatiens
327 2383 434 2430 ostendit
443 2381 474 2428 ab
484 2380 582 2428 aethere
592 2379 689 2426 nubem.

64 2452 166 2500 Diditur
175 2451 214 2498 bic
224 2450 303 2499 subito
313 2450 420 2498 Troiana
428 2465 472 2505 per
481 2447 580 2505 agmina
588 2462 672 2494 rumor

112 2520 164 2569 (27¹
175 2520 182 2566 l
