1972 3164
313 177 424 218 AENEIS.
448 178 480 218 XI

58 288 168 329 corpora,
180 273 224 320 sed
234 273 317 321 Buten
326 290 439 322 aversum
449 274 547 330 cuspide
556 275 609 322 fixit

58 342 156 391 loricam
166 341 308 398 galeamque
317 342 391 400 inter,
402 358 452 398 qua
463 343 525 389 colla
535 344 639 391 sedentis

58 410 142 457 lucent
151 411 177 456 et
186 409 255 457 laevo
265 411 384 466 dependet
394 426 481 466 parma
489 410 590 468 lacerto,

60 478 212 526 Orsilochum
222 478 318 536 fugiens
328 494 490 535 magnumque
501 479 596 535 agitata
605 480 737 535 perorbem

59 546 137 594 eludit
146 563 207 603 gyro
215 547 318 594 interior
327 547 483 602 sequiturque
492 549 641 605 sequentem,

59 617 114 662 tum
120 616 225 663 validam
233 631 322 672 perque
332 631 401 663 arma
408 616 460 663 viro
468 631 557 672 perque
567 631 622 664 ossa
629 616 732 664 securim

60 684 134 731 altior
143 699 274 740 exsurgens
284 684 366 731 oranti
375 687 400 732 et
410 686 489 732 multa
498 685 609 740 precanti

61 754 229 810 congeminat:
243 753 332 800 vulnus
342 753 419 800 calido
428 753 493 809 rigat
503 768 546 800 ora
555 753 660 801 cerebro.

62 821 151 868 Incidit
161 820 217 868 huic
227 819 351 877 subitoque
362 823 463 877 aspectu
472 822 573 868 territus
582 821 661 869 haesit

14 907 51 944 700
61 889 266 946 Appenninicolae
275 885 379 938 bellator
388 890 452 937 filius
462 890 537 946 Auni,

61 958 127 1005 haud
135 959 252 1015 Ligurum
259 960 390 1015 extremus,
396 959 455 1006 dum
462 959 548 1006 fallere
555 959 609 1005 fata
617 957 738 1005 sinebant.

62 1027 133 1082 Isque
142 1026 184 1073 ubi
194 1043 219 1074 se
228 1027 296 1074 nullo
305 1027 354 1074 iam
364 1043 438 1075 cursu
447 1027 549 1074 evadere
560 1041 656 1082 pugnae

62 1109 130 1150 posse
140 1110 216 1150 neque
225 1096 360 1143 instantem
369 1096 479 1152 reginam
489 1096 598 1141 avertere
609 1094 695 1149 cernit,

63 1162 161 1210 consilio
170 1178 266 1210 versare
277 1164 343 1210 dolos
352 1164 480 1219 ingressus
491 1164 516 1209 et
526 1165 582 1209 astu

62 1230 148 1285 incipit
158 1230 231 1277 haec:
248 1231 254 1251 ‘
264 1231 327 1286 Quid
336 1233 388 1277 tam
398 1230 531 1287 egregium,
542 1230 563 1276 si
572 1229 663 1276 femina
672 1228 732 1275 forti

63 1297 118 1344 fidis
128 1301 202 1353 equo?
231 1298 336 1344 Dimitte
346 1298 431 1354 fugam
441 1299 502 1345 otte
512 1297 644 1344 comminus
654 1311 730 1352 aequo

64 1382 158 1414 mecum
169 1366 239 1414 crede
249 1366 308 1422 solo,
319 1382 461 1422 pugnaeque
472 1366 569 1422 accinge
579 1365 699 1421 pedestri:

64 1436 118 1481 Iam
127 1449 219 1491 nosces,
230 1436 331 1482 ventosa
340 1434 406 1482 ferat
416 1434 455 1482 cui
469 1434 547 1492 gloria
556 1434 684 1481 fraudem.’

65 1503 143 1559 Dixit,
154 1503 233 1550 atille
242 1503 326 1550 furens
336 1503 432 1558 acrique
442 1518 543 1551 accensa
551 1503 632 1550 dolore

17 1593 54 1630 710
65 1571 143 1620 tradit
153 1587 241 1628 equum
251 1571 333 1619 comiti
342 1571 488 1628 paribusque
498 1571 590 1618 resistit
600 1571 626 1616 in
636 1570 719 1627 armis,

65 1657 122 1690 ense
133 1642 204 1697 pedes
213 1642 280 1689 nudo
289 1656 397 1697 puraque
407 1640 522 1688 interrita
531 1655 624 1696 parma.

65 1711 101 1758 At
110 1711 213 1769 iuvenis,
223 1710 308 1758 vicisse
318 1709 372 1757 dolo
381 1711 460 1767 ratus,
471 1709 552 1756 avolat
561 1709 612 1765 ipse

65 1780 142 1836 (haud
151 1778 227 1835 mora)
238 1778 403 1834 conversisque
412 1778 490 1835 fugax
499 1777 611 1825 aufertur
619 1775 728 1833 habenis,

64 1848 282 1905 quadripedemque
292 1847 367 1896 citum
377 1847 470 1894 ferrata
480 1847 544 1895 calce
553 1845 652 1903 fatigat.

67 1917 150 1965 ‘Vane
160 1917 235 1976 Ligus
245 1917 385 1972 frustraque
395 1915 481 1963 animis
491 1916 555 1963 elate
565 1914 683 1972 superbis,

66 1987 211 2044 nequiquam
221 1985 313 2042 patrias
323 1983 449 2040 temptasti
457 1984 566 2031 lubricus
576 1985 651 2040 artes,

67 2071 112 2104 nec
121 2056 190 2102 fraus
201 2057 226 2101 te
235 2053 380 2101 incolumem
390 2052 472 2100 fallaci
481 2053 588 2108 perferet
597 2049 688 2097 Auno!

68 2122 138 2172 Haec
145 2123 215 2170 fatur
223 2123 294 2179 virgo
303 2123 328 2169 et
337 2119 475 2177 pernicibus
485 2119 557 2176 ignea
566 2117 658 2173 plantis

68 2193 160 2241 transit
169 2206 257 2247 equum
267 2205 348 2246 cursu,
359 2188 479 2243 frenisque
489 2187 592 2233 adversa
600 2184 723 2241 prehensis

21 2273 59 2310 720
69 2259 227 2318 congreditur
237 2272 373 2314 poenasque
382 2255 479 2302 inimico
488 2270 519 2302 ex
528 2253 645 2309 sanguine
655 2252 729 2299 sumit
739 2272 745 2298 ε

68 2346 142 2386 quam
152 2327 223 2375 facile
233 2326 349 2381 accipiter
359 2339 417 2370 sexo
427 2338 496 2370 sacer
505 2321 555 2369 ales
565 2321 596 2368 ab
606 2320 657 2367 alto

69 2398 225 2454 consequitur
234 2394 320 2451 pennis
330 2392 456 2439 sublimem
464 2391 490 2438 in
499 2390 564 2437 nube
574 2387 717 2445 columbam,

70 2479 284 2524 comprensamque
293 2463 364 2510 tenet
374 2460 524 2517 pedibusque
534 2457 654 2507 eviscerat
663 2457 732 2505 uncis
743 2475 749 2513 3

119 2537 189 2587 (397)
