1972 3164
461 156 483 193 P.
497 154 617 194 VERGILI
631 153 759 193 MARONIS

275 256 368 302 stratus
378 253 445 300 humi
455 253 548 300 dulcem
559 252 668 308 capiebat
678 252 750 299 corde
761 253 882 312 quietem,

275 324 301 368 ni
311 323 361 369 fors
372 323 475 369 incertos
485 321 592 368 iussisset
601 321 687 367 ducere
697 336 778 367 casus.

276 407 333 437 nam
344 390 441 436 solitum
451 389 548 436 volvens
558 388 589 435 ad
599 390 694 444 tempus
704 389 830 435 tractibus
844 390 927 439 isdem

276 459 381 504 inmanis
391 457 459 504 varIo
468 457 603 504 maculatus
614 471 712 511 corpore
724 472 837 514 serpens,

277 541 370 572 mersus
381 526 409 571 ut
419 526 445 571 in
454 525 512 571 limo
522 539 609 580 magno
619 523 753 570 subsideret
764 527 848 582 aestu,

277 594 349 640 obvia
358 593 464 640 vibranti
474 608 574 648 carpens
584 593 665 650 gravis
675 608 731 639 aere
741 592 846 650 linguae

278 675 415 716 squamosos
425 660 475 707 late
484 660 612 716 torquebat
621 660 727 707 motibus
738 660 811 707 orbes
820 682 826 708 ε

279 727 411 784 †tollebaut
421 743 495 775 aurae
504 728 622 775 venientis
632 728 663 774 ad
672 727 754 774 omnia
763 728 844 776 visus.

277 797 326 843 iam
336 795 413 851 magis
423 798 497 851 atque
507 796 585 854 magis
595 810 681 851 corpus
691 795 828 844 revolubile
838 799 947 847 volvens

231 881 266 918 170
278 864 370 911 attollit
380 863 463 909 nitidis
473 866 558 918 pectus
567 863 710 920 fulgoribus,
721 864 795 910 effert

279 931 375 980 sublimi
384 932 477 979 cervice
488 933 570 988 caput,
582 932 620 978 cui
629 931 703 979 orista
713 946 821 987 superne

278 1001 345 1048 edita
354 1015 475 1057 purpureo
485 999 568 1046 lucens
578 999 714 1046 maculatur
723 999 831 1058 amictu,

278 1070 440 1125 adspectuque
449 1067 540 1114 micant
551 1068 702 1114 flammarum
711 1066 808 1114 lumina
818 1072 908 1118 torvo.

278 1137 387 1184 metebat
397 1137 446 1184 late
456 1136 546 1183 circum
556 1136 616 1193 loca,
627 1151 681 1184 oum
691 1135 757 1181 videt
765 1135 863 1193 ingens

279 1206 407 1253 adversum
417 1205 532 1253 recubare
543 1206 628 1252 ducem
637 1204 725 1262 gregis.
755 1206 842 1253 aerior
852 1207 941 1256 instat

278 1274 371 1321 lumina
381 1273 518 1320 diffundens
528 1273 653 1320 intendere
662 1274 687 1319 et
697 1271 768 1319 obvia
776 1274 869 1322 torvos

279 1342 375 1397 saepius
385 1342 503 1397 arripiens
512 1341 653 1397 infringere,
664 1340 728 1395 quod
738 1355 783 1386 sua
794 1342 936 1399 quisquam

279 1412 311 1457 ed
321 1411 385 1468 vada
393 1409 506 1456 venisset.
535 1410 639 1455 naturae
648 1409 772 1463 comparat
782 1424 859 1457 arma
869 1431 875 1458 :

280 1480 349 1525 ardet
359 1479 448 1534 mente,
459 1477 521 1524 furit
531 1476 682 1532 stridoribus,
691 1476 790 1523 intonat
801 1493 855 1535 ore,

232 1554 268 1594 180
279 1546 380 1594 flexibus
390 1547 479 1592 eversis
488 1546 633 1600 torquentur
643 1544 748 1599 corporis
758 1544 843 1603 orbes,

281 1616 383 1662 manant
393 1615 538 1670 sanguineae
549 1628 592 1669 per
601 1614 695 1660 tractus
704 1612 813 1668 undique
823 1617 929 1674 guttae,

279 1684 403 1738 spiritibus
413 1682 505 1738 rumpit
515 1682 604 1729 fauces.
634 1696 680 1736 qno
691 1683 779 1728 cuncta
790 1687 904 1738 parante

279 1751 396 1806 parvulus
405 1751 471 1796 hunc
480 1750 547 1805 prior
556 1749 646 1795 umoris
656 1750 779 1796 conterret
791 1750 917 1800 alumnus

278 1821 303 1866 et
313 1820 416 1864 mortem
426 1818 504 1863 vitare
516 1819 597 1864 monet
607 1833 651 1872 per
660 1817 780 1864 acumina.
812 1834 928 1876 namque

278 1903 326 1943 qua
335 1887 433 1933 diducta
442 1901 516 1941 genas
526 1886 664 1940 pandebant
674 1885 776 1941 lumina,
787 1902 927 1943 gemmans

277 1956 323 2003 hac
334 1954 431 2011 senioris
441 1956 494 2000 erat
505 1957 600 2000 maturo
610 1954 701 2010 pupula
710 1953 759 2000 telo

276 2026 327 2072 iota
336 2024 390 2081 levi,
402 2038 456 2070 oum
466 2021 576 2078 prosiluit
586 2021 730 2068 furibundus
741 2023 766 2068 et
776 2022 850 2069 illum

277 2094 395 2140 obtritum
405 2090 476 2138 morti
486 2090 552 2137 misit
562 2110 567 2136 :
584 2090 622 2137 cui
632 2091 729 2137 dissitus
739 2092 820 2138 omnis

279 2163 378 2217 spiritus
388 2159 489 2207 excessit
500 2173 591 2205 sensus.
621 2160 674 2204 tum
683 2161 754 2204 torva
763 2160 900 2209 tenentem

231 2247 267 2282 190
278 2230 371 2276 lumina
380 2227 486 2283 respexit
497 2228 632 2281 serpentem
642 2226 791 2283 comminus3
808 2228 869 2276 inde

276 2298 379 2354 inpiger,
390 2296 522 2350 exanimus,
533 2294 573 2340 vix
583 2310 678 2349 compos
688 2297 769 2341 mente
780 2296 891 2357 refugit,

277 2367 302 2411 et
312 2366 419 2412 validum
429 2365 515 2411 dextra
524 2363 630 2409 detraxit
640 2362 670 2408 ab
682 2362 767 2408 arbore
778 2365 914 2415 truncum.

277 2433 318 2486 qui
329 2448 397 2479 casus
408 2432 504 2479 sociarit
514 2445 591 2485 opem,
602 2444 722 2476 numenno
733 2430 845 2488 deorum,

328 2499 396 2547 (450)
