1972 3164
410 203 560 244 GEORGICA.
593 204 616 244 II

197 298 329 346 Praeterea
337 312 414 356 genus
423 297 490 346 haud
499 313 575 346 unum
585 309 630 345 noe
639 295 745 344 fortibus
751 299 823 347 ulmis

168 383 216 415 nec
223 367 291 415 salici
300 367 396 424 lotoque
405 384 483 427 neque
494 367 573 415 Idaeis
582 365 719 424 cyparissis,

169 451 215 484 nec
225 436 328 494 pingues
337 453 411 485 unam
420 438 544 486 infaciem
554 437 690 484 nascuntur
698 435 782 493 olivae,

168 504 285 552 orchades
295 506 320 552 et
329 507 392 554 radii
400 508 426 554 et
435 522 520 554 amara
528 505 614 562 pausia
623 504 691 561 baca,

169 587 288 629 pomaque
297 575 322 621 ot
331 574 427 623 Alcinoi
436 575 519 632 silvae,
529 590 575 621 nec
585 572 696 620 surculus
706 573 770 620 idem

169 641 316 690 Crustumiis
327 643 448 700 Syriisque
458 643 517 700 piris
527 642 689 700 gravibusque
699 641 822 690 volaemis.

169 709 228 757 Non
237 711 320 758 eudem
330 712 456 759 arboribus
464 712 552 768 pendet
562 708 682 756 vindemia
691 710 790 767 nostris,

132 796 159 834 90
169 793 243 834 quam
253 779 425 836 Methymnaeo
435 781 513 837 carpit
523 780 552 827 de
562 777 662 836 palmite
672 777 761 826 Lesbos
770 798 777 836 ;

169 848 229 894 sunt
238 847 340 896 Thasiae
349 849 421 907 vites,
432 851 490 896 sunt
500 850 525 896 ct
534 845 683 894 Mareotides
693 845 771 905 albae,

168 915 299 972 pinguibus
309 917 355 965 hae
364 918 437 965 terris
447 917 546 974 habiles,
556 914 685 963 levioribus
695 915 760 974 iliae,

168 985 195 1030 et
204 999 276 1040 passo
285 985 375 1041 psithia
384 986 467 1033 utilior
476 985 602 1040 tenuisque
612 983 694 1040 lageos

168 1053 322 1108 temptatura
330 1054 403 1111 pedes
413 1054 469 1101 olim
479 1053 637 1108 vincturaque
647 1052 765 1110 linguam,

170 1136 308 1177 purpureae
317 1123 466 1179 preciaeque,
476 1123 502 1169 et
512 1136 558 1178 quo
567 1123 592 1168 te
603 1120 708 1168 carmine
718 1120 805 1179 dicam,

168 1187 304 1237 Rhaetica?
331 1190 384 1239 Noc
393 1191 459 1238 cellis
468 1189 522 1238 ideo
532 1188 649 1238 contende
659 1187 778 1236 Falernis.

169 1256 234 1304 Sunt
244 1259 270 1305 et
278 1257 395 1306 Amineae
404 1259 475 1316 vites,
485 1258 622 1305 firmissima
630 1257 696 1313 vina,

168 1323 278 1374 Tmolius
288 1328 394 1384 assurgit
404 1327 491 1384 quibus
500 1328 527 1374 et
536 1341 579 1373 rex
587 1325 639 1381 ipse
649 1324 795 1381 Phanaeus3

168 1393 310 1451 Argitisque
320 1396 407 1454 minor,
416 1396 455 1444 cui
464 1411 514 1443 non
521 1393 653 1442 certaverit
662 1392 714 1439 nlla

122 1477 159 1504 100
168 1463 215 1509 aut
224 1463 322 1510 tantum
331 1463 406 1512 fluere
416 1466 460 1511 aut
469 1463 571 1511 totidem
585 1462 673 1508 durare
683 1476 728 1516 per
737 1476 822 1508 annos.

168 1529 228 1578 Non
237 1545 282 1590 ego
290 1532 324 1589 te,
333 1533 370 1580 dis
380 1535 406 1580 et
415 1532 504 1580 mensis
513 1532 613 1587 accepta
621 1530 740 1587 secundis,

167 1599 317 1658 transierim,
328 1601 432 1659 Rhodia,
443 1602 468 1648 et
477 1601 586 1657 tumidis,
596 1599 715 1656 banau,
726 1599 835 1647 racemis.

168 1666 219 1715 Sed
230 1683 307 1725 neque
319 1685 391 1725 quam
401 1669 494 1716 multae
505 1668 603 1726 species,
613 1682 658 1715 noc
672 1667 770 1715 uomina
783 1683 843 1724 quae

226 1736 284 1794 sint,

166 1805 208 1854 est
222 1820 351 1855 numerus:
372 1815 449 1862 neque
469 1805 533 1854 enim
552 1821 653 1854 numero
672 1805 842 1862 comprendere

225 1874 303 1922 refert
308 1893 316 1932 3

167 1957 240 1998 quem
251 1943 292 1999 qui
301 1943 362 1992 scire
371 1943 438 2001 velit,
449 1943 532 2000 Libyci
541 1943 601 1992 velit
611 1943 719 1999 aequoris
728 1943 792 1990 idem

168 2011 261 2059 ducem
271 2026 343 2068 quam
353 2012 444 2060 multae
455 2013 565 2070 Zephyro
574 2011 706 2059 turbentur
713 2011 828 2066 harenae,

167 2080 214 2127 aut
222 2079 265 2126 ubi
274 2080 376 2137 navigiis
385 2080 514 2128 violentior
522 2081 608 2128 incidit
617 2082 707 2138 Eurus,

167 2162 240 2195 nosse
249 2149 308 2203 quot
318 2149 380 2195 Ionii
389 2149 489 2196 veniant
498 2150 530 2197 ud
539 2149 612 2197 litora
621 2149 717 2197 fluctus.

196 2216 249 2263 Nec
258 2231 317 2264 vero
325 2218 406 2264 terrae
415 2217 480 2264 ferre
490 2233 572 2265 omnes
581 2217 662 2264 omnia
671 2215 781 2272 possunt.

122 2296 157 2323 ¹10
168 2283 323 2332 Fluminibus
333 2285 417 2333 salices
428 2286 560 2342 crassisque
569 2284 698 2341 paludibus
708 2281 758 2329 aini

167 2354 312 2411 nascuntur,
323 2354 418 2402 steriles
429 2354 519 2402 saxosis
529 2353 651 2401 montibus
661 2350 729 2407 orni;

168 2421 242 2470 litora
251 2423 362 2479 myrtetis
371 2422 518 2479 laetissima;
534 2422 635 2476 denique
642 2419 739 2476 apertos

168 2490 281 2540 Bacchus
291 2494 358 2541 amat
367 2492 449 2549 colles,
458 2491 604 2547 Aquilonem
614 2488 639 2536 et
648 2487 742 2544 frigora
750 2488 810 2536 taxi.

218 2559 228 2608 (
237 2559 277 2609 ⁵9)
