1972 3164
416 177 566 217 GEORGIOA.
586 177 610 218 Π

173 275 258 330 terque
281 276 413 330 quaterque
436 273 513 321 solum
537 273 695 322 scindendum
722 274 852 331 glaebaque

231 356 306 388 versis

124 438 162 473 400
174 411 301 458 aeternum
311 409 447 466 frangenda
455 409 603 466 bidentibus,
614 424 684 456 omne
694 408 823 458 levandum

174 479 262 528 fronde
268 493 360 526 nemus.
376 479 450 526 Redit
458 478 569 535 agricolis
578 478 647 524 labor
654 479 851 538 actusinorbem,

175 549 248 603 atquc
257 547 283 593 in
293 563 318 594 se
328 563 373 594 sua
382 562 426 603 per
434 548 537 606 vestigia
546 547 654 594 volvitur
663 563 750 595 annus.

174 616 212 663 Ac
222 616 270 662 iam
281 616 345 673 olim,
358 631 424 662 seras
433 616 514 672 posuit
524 631 579 662 cum
588 615 660 663 vinea
669 616 767 664 frondes

174 684 280 741 frigidus
290 686 315 731 et
326 684 392 731 silvis
402 685 490 740 Aquilo
500 684 604 731 decussit
614 684 737 742 honorem,

174 753 225 800 iam
234 755 288 800 tum
298 768 354 799 acer
364 768 433 800 curas
443 753 578 800 venientem
588 753 697 799 extendit
706 753 732 799 in
741 769 833 800 annum

175 822 292 878 rusticus,
303 823 329 868 et
340 837 415 868 curvo
425 821 525 869 Saturni
534 822 606 868 dente
616 821 725 868 relictam

176 890 330 945 persequitur
339 891 414 937 vitem
424 891 554 937 attondens
564 890 681 946 fingimue
691 890 806 946 putando.

176 958 274 1006 Primus
283 958 384 1004 humum
395 958 480 1016 fodito,
490 959 583 1014 primus
592 959 692 1006 devecta
703 960 810 1006 cremato

176 1028 308 1084 sarmenta,
319 1029 344 1074 et
354 1027 430 1074 vallos
443 1028 535 1083 primus
545 1027 590 1073 sub
599 1028 665 1073 tecta
674 1026 765 1073 referto
774 1046 780 1083 ;

125 1117 164 1153 410
176 1098 313 1152 postremus
323 1096 415 1143 metito.
445 1096 488 1142 Bis
499 1095 587 1143 vitibus
597 1095 690 1152 ingruit
699 1095 794 1153 umbra,

175 1164 214 1210 bis
225 1165 331 1222 segetem
342 1165 422 1211 densis
432 1164 554 1211 obducunt
564 1164 671 1210 sentibus
681 1164 783 1220 herbae3

177 1233 254 1281 durus
263 1234 366 1288 uterque
375 1233 454 1280 labor:
470 1233 569 1279 laudato
577 1232 687 1288 ingentia
696 1247 762 1288 rura,

175 1301 291 1358 exiguum
302 1301 381 1348 colito.
411 1301 463 1348 Nec
473 1317 522 1348 non
532 1301 605 1348 etiam
616 1315 702 1355 aspera
710 1300 776 1346 rusci

175 1370 269 1416 vimina
279 1385 323 1426 per
333 1370 418 1417 silvam
427 1371 452 1416 et
462 1369 521 1424 ripis
531 1368 635 1415 fluvialis
645 1367 756 1414 harundo

175 1439 294 1496 caeditur,
305 1438 437 1494 incultique
446 1439 542 1485 exercet
553 1451 611 1483 cura
621 1435 707 1483 salicti.

175 1507 230 1554 Iam
244 1507 340 1554 vinctae
349 1507 419 1564 vites,
429 1506 478 1553 iam
488 1506 575 1553 falcem
586 1505 687 1552 arbusta
695 1507 824 1563 reponunt,

176 1575 226 1623 iam
237 1576 303 1623 canit
312 1577 411 1623 effectos
421 1577 544 1622 extremus
554 1574 644 1621 vinitor
654 1576 722 1621 antes
732 1594 737 1620 :

176 1645 328 1693 sollicitanda
337 1647 420 1692 tamen
429 1644 502 1692 tellus
513 1643 637 1699 pulvisque
647 1644 786 1700 movendus,

176 1716 202 1762 et
211 1714 261 1761 iam
271 1714 374 1760 maturis
383 1713 527 1760 metuendus
537 1712 648 1768 Iuppiter
657 1712 718 1759 uvis.

127 1799 165 1836 420
206 1783 299 1831 contra
308 1798 356 1830 non
366 1781 417 1828 ulla
426 1783 464 1828 est
477 1781 534 1828 oleis
545 1780 641 1828 cultura
651 1801 657 1828 ι
672 1794 749 1836 neque
761 1781 817 1827 illae

175 1867 321 1908 procurvam
334 1852 464 1907 expectant
474 1849 562 1896 falcem
572 1851 711 1905 rastrosque
720 1851 826 1905 tenaces,

174 1935 232 1968 cum
246 1919 318 1967 semel
328 1919 458 1966 haeserunt
469 1919 533 1964 arvis
544 1933 661 1973 aurasque
671 1917 798 1972 tulerunt;

174 1989 229 2045 ipsa
240 1989 299 2035 satis
309 1987 391 2044 tellus,
402 2003 456 2034 cum
468 1986 540 2034 dente
550 1986 684 2034 recluditur
693 2001 764 2042 unco,

175 2057 265 2104 sufficit
275 2071 384 2103 umorem
396 2058 422 2102 et
431 2055 545 2111 gravidas
556 2071 610 2102 cum
620 2069 715 2101 vomere
724 2055 815 2110 fruges.

176 2125 233 2172 Hoc
243 2125 359 2183 pinguem
369 2126 394 2171 et
405 2124 520 2179 placitam
531 2123 590 2170 Paci
599 2122 710 2168 nutritur
719 2121 815 2169 olivam.

205 2192 282 2239 Poma
291 2207 392 2248 quoque,
401 2193 430 2237 ut
443 2192 549 2247 primum
558 2192 658 2238 truncos
668 2205 764 2236 sensere
774 2188 855 2234 valen·

233 2262 270 2308 tes

174 2332 201 2377 et
211 2330 275 2376 vires
284 2330 390 2377 habuere
400 2344 464 2385 suas,
476 2329 507 2375 ad
517 2329 597 2375 sidera
606 2326 697 2381 raptim

175 2399 201 2446 vi
211 2398 311 2455 propria
319 2399 434 2445 nituntur
444 2397 541 2453 opisque
551 2395 618 2442 haud
627 2394 710 2449 indiga
720 2393 825 2440 nostrae.

409 2495 444 2526 tw.
465 2501 482 2526 a.
490 2490 504 2526 l.
512 2487 624 2525 ‘nutritor'

226 2544 235 2592 (
244 2548 268 2593 ⁶9
276 2545 285 2592 )
