1972 3164
387 126 409 163 P.
423 123 543 164 VERGILI
555 123 686 165 MARONIS

195 222 332 272 conclamat
341 223 425 279 Nisus,
434 237 478 270 nec
488 237 513 270 se
523 222 601 270 celare
611 222 721 272 tenebris

195 292 301 349 amplius
310 292 354 339 aut
363 293 459 338 tantum
471 290 551 347 potuit
560 290 670 346 perferre
680 291 808 342 dolorem:
960 308 963 371 1

196 361 260 418 ‘Me
269 359 467 415 me-adsumqui
473 359 573 406 feci-in
578 374 618 406 me
625 362 765 410 convertite
774 363 874 420 fen-um,
961 378 963 389 ¹

196 429 306 477 oRutull
315 449 321 476 ε
336 443 391 475 mea
399 427 469 474 fraus
478 426 555 475 omnis
564 447 570 483 ς
584 427 646 474 nihil
655 427 703 476 iste
712 445 760 478 nec
769 447 844 478 ausus

197 508 242 540 nec
252 492 345 549 potuit;
361 491 455 538 caelum
464 491 509 538 hoc
519 492 544 538 et
553 491 649 539 conscia
658 493 741 541 sidera
750 496 843 553 testor;

149 571 187 609 43ο
197 562 296 608 tantum
305 558 425 606 infelicem
435 559 537 605 nimium
546 559 631 606 dilexit
640 560 768 611 amicum!

198 629 269 676 Talia
278 628 344 676 dicta
353 627 427 674 dabat
435 646 441 684 ;
457 627 499 674 sed
505 627 597 674 viribus
607 627 671 675 ensis
681 629 786 679 adactus

196 696 344 753 transadigit
353 697 432 744 costas
442 696 468 742 et
477 696 580 743 candida
589 697 691 752 pectora
699 700 804 755 rumpit.

197 765 313 814 Volvitur
323 763 446 820 Euryalus
456 763 513 820 leto,
524 763 685 820 pulchrosque
695 781 741 822 per
750 770 821 815 artus

196 833 217 881 it
227 848 309 891 cruor,
322 832 395 888 inque
405 847 500 880 umeros
510 832 592 881 cervix
601 832 708 889 collapsa
716 836 853 884 recumbit:

197 917 333 960 purpureus
343 900 420 949 veluti
429 917 485 949 oum
495 901 539 950 flos
549 902 656 950 succisus
667 905 754 952 aratro

197 970 333 1029 languescit
342 969 455 1027 moriens,
466 969 560 1018 lassove
569 985 693 1026 papavera
701 971 772 1019 collo.

197 1040 312 1088 demisere
322 1041 404 1095 caput,
414 1039 498 1094 pluvie
507 1055 562 1086 cum
571 1039 635 1087 forte
644 1041 791 1095 gravantur.

197 1108 232 1156 At
243 1108 318 1155 Nisus
324 1107 378 1154 'ruit
387 1107 413 1153 in
422 1107 513 1154 medios
523 1106 647 1163 solumque
657 1122 702 1163 per
710 1123 795 1157 omnes

198 1176 340 1225 Volcentem
350 1175 421 1232 petit,
430 1174 456 1221 in
465 1173 515 1223 solo
524 1175 641 1223 Volcente
650 1178 772 1225 moratur.

150 1250 188 1288 44ο
199 1246 276 1304 Quem
298 1244 389 1292 circum
411 1242 541 1300 glomerati
562 1244 643 1292 hostes
664 1243 723 1292 hinc
743 1245 875 1293 comminus

254 1316 326 1369 atque
336 1313 392 1360 hinc

197 1381 355 1440 proturbant.
385 1381 467 1430 Instat
477 1397 526 1429 non
536 1382 612 1429 setius
621 1398 651 1431 ac
660 1383 728 1431 rotat
737 1397 822 1431 ensem

196 1451 349 1507 fulmineum,
360 1451 435 1498 donec
449 1450 538 1497 Rutuli
547 1450 675 1499 clamantis
684 1451 711 1498 in
721 1466 763 1499 ore

197 1520 305 1569 condidit
314 1519 415 1566 adverso
424 1520 449 1566 et
459 1519 562 1567 moriens
572 1520 679 1567 animam
688 1518 793 1567 abstulit
802 1519 867 1568 hosti

197 1590 260 1637 Tum
270 1603 344 1646 super
353 1587 491 1635 exanimum
501 1602 551 1636 sese
561 1588 662 1644 proiecit
671 1588 778 1636 amicum

196 1658 328 1713 confossus,
340 1656 480 1713 placidaque
489 1655 522 1703 ibi
532 1657 630 1704 demum
639 1657 718 1704 morte
728 1655 830 1712 quievit.

225 1725 358 1775 Fortunati
368 1724 438 1772 ambo
449 1728 454 1772 !
469 1724 556 1781 siquid
565 1740 621 1773 mea
630 1725 740 1773 carmina
749 1726 861 1783 possunt,
960 1768 962 1775 .

195 1797 265 1843 nulla
274 1795 324 1843 dies
334 1809 450 1850 umquem
459 1793 560 1842 memori
568 1809 612 1842 vos
621 1794 710 1842 eximet
719 1809 789 1850 aevo,

196 1865 253 1912 dum
264 1865 348 1911 domus
358 1862 455 1910 Aeneae
466 1861 571 1918 Capitoli
580 1862 701 1910 immobile
711 1878 799 1910 saxum

196 1933 296 1990 accolet,
306 1931 481 1988 imperiumque
490 1933 561 1986 pater
569 1931 695 1978 Romanus
704 1929 815 1978 habebit.

153 2016 187 2056 450
225 2002 336 2049 Victores
346 2000 437 2056 praeda
446 1999 536 2046 Rutuli
541 1999 670 2055 spoliisque
680 1998 755 2055 potiti

196 2070 340 2118 Volcentem
350 2068 490 2116 exanimum
499 2068 584 2115 flentes
593 2067 620 2114 in
629 2067 712 2114 castra
721 2065 845 2114 ferebant.

195 2137 247 2186 Nec
257 2137 336 2185 minor
344 2138 370 2184 iu
380 2137 466 2184 castris
476 2137 558 2184 luctus
567 2136 705 2182 Rhamnete
714 2137 816 2191 reperto

194 2206 312 2264 exsangui
321 2206 347 2253 et
356 2205 441 2261 primis
451 2220 501 2251 una
510 2205 548 2251 tot
558 2204 631 2251 caede
640 2204 783 2260 peremptis,

195 2274 346 2329 Serranoque
355 2273 491 2328 Numaque.
521 2272 755 2328 Ingens'concursus
765 2271 799 2317 ad
808 2270 863 2326 ipsa

194 2358 296 2399 corpora
305 2341 482 2397 seminecesque
492 2341 557 2387 viros
567 2340 696 2396 tepidaqpe
705 2341 831 2386 recentem

193 2411 266 2460 caede
276 2411 355 2457 locum
365 2411 390 2456 et
400 2409 482 2465 plenos
493 2408 617 2465 spumanti
626 2406 745 2465 sanquine
755 2407 829 2455 rivos.

242 2478 294 2526 (332
304 2477 312 2524 )
