1972 3164
393 168 503 210 nebule.
528 171 560 211 Vl

138 260 252 318 Iuppiter
260 263 286 310 et
295 263 367 312 rebus
378 281 427 313 nox
436 266 537 314 abstulit
546 269 602 314 utra
611 268 722 317 colorem.

139 329 293 378 Vestibulum
303 335 361 382 ante
371 333 450 391 ipsum
459 336 543 392 primis
553 337 579 382 in
588 336 698 384 faucibus
708 336 766 385 Orci

139 398 233 446 Luctus
243 400 269 447 et
278 399 377 450 ultrices
386 419 487 460 posuere
496 404 585 452 cubilia
594 405 682 461 Curae,

139 467 304 524 pallentesque
311 470 423 519 habitant
433 472 522 530 Morbi,
532 473 657 528 tristisque
668 474 793 530 Senectus,

139 536 167 582 ct
176 535 268 594 Metus,
278 538 304 585 et
313 539 453 587 malesuada
462 540 558 598 Fames,
568 557 597 588 ac
607 541 686 597 turpis
700 541 814 600 Egestas,

139 603 262 652 terribiles
267 604 321 653 visu
330 606 431 665 formae,
439 609 574 664 Letumque
583 609 709 665 Labosque
718 629 724 666 ;

140 673 195 719 tum
205 673 396 731 consanguineus
406 677 462 723 Leti
472 677 557 734 Sopor,
567 678 593 724 et
602 678 667 724 mula
676 678 765 725 mentis

141 740 246 800 Gaudia,
256 743 454 799 mortiferumque
463 745 565 792 adverso
573 745 599 792 in
608 745 690 794 limine
699 747 805 805 Bellum,

117 821 130 849 ο
139 808 426 866 ferreiqueEumenidnm
434 812 536 859 thalami
542 815 568 860 et
576 813 703 862 Discordia
708 815 815 873 demens,

139 877 264 935 vipereum
273 878 365 926 crinem
375 880 443 927 vittis
453 881 542 928 innexa
551 883 665 932 cruentis.

170 948 201 995 In
210 948 289 995 medio
297 963 377 996 ramos
386 964 524 1005 annosaque
533 950 646 998 bracchia
653 953 739 1008 pandit

142 1015 223 1062 ulmus
233 1031 309 1071 opaca
318 1016 411 1074 ingens,
422 1032 495 1072 quam
504 1018 584 1065 sedem
594 1019 687 1066 somnia
695 1020 770 1076 vulgo

141 1086 297 1132 ranatcuere
306 1083 399 1142 ferunt,
409 1085 518 1141 foliisque
527 1086 572 1132 suh
585 1087 695 1134 omnibus
705 1087 815 1136 haerent.

142 1152 270 1208 Multaque
279 1155 405 1208 praeterea
413 1154 537 1200 variarum
546 1157 655 1201 monstra
664 1155 771 1201 ferarum

143 1220 261 1269 Centauri
269 1221 295 1267 in
304 1220 397 1268 foribus
407 1221 533 1268 stabulant
544 1221 682 1277 Scyllaeque
692 1222 807 1270 biformes

143 1290 169 1337 et
177 1289 386 1346 centumgeminus
396 1289 512 1336 Briareus
522 1305 551 1336 ac
560 1289 632 1336 belua
641 1291 743 1347 lernae,

142 1357 290 1404 horrendum
300 1357 412 1414 stridens,
423 1357 572 1412 flammisque
579 1357 817 1417 armataChimsera,

142 1425 267 1482 Gorgones
273 1425 443 1481 Harpyiaeque
447 1428 472 1473 et
478 1426 557 1472 forma
562 1426 702 1482 tricorporis
709 1427 816 1475 umbrae.

118 1508 132 1536 ο
143 1493 250 1550 Corripit
259 1493 299 1542 hic
309 1494 390 1541 subita
399 1494 509 1550 trepidus
514 1493 643 1542 formidine
652 1495 746 1541 ferrum

143 1562 239 1610 Aeneas
248 1562 405 1618 strictamque
415 1563 491 1610 aciem
500 1562 651 1610 venientibus
661 1562 742 1619 offert,

143 1632 170 1679 et
178 1630 205 1678 ni
213 1630 285 1678 (locta
293 1645 372 1678 comes
381 1633 467 1678 tenues
477 1632 528 1678 sine
538 1646 636 1687 corpere
645 1631 709 1677 ritas

144 1699 274 1747 admoneat
286 1699 389 1746 volitare
399 1715 458 1746 cava
468 1700 513 1746 sub
523 1700 627 1757 imagine
637 1699 738 1756 formae,

144 1767 224 1815 irruat
233 1769 258 1814 et
267 1766 362 1814 irmtra
370 1767 436 1814 terro
446 1768 581 1815 diverberet
589 1767 697 1814 umbras.
787 1801 790 1805 «

173 1833 284 1882 Hinovia
293 1833 406 1882 Tartarei
415 1851 475 1891 quae
485 1836 533 1882 lert
540 1835 684 1884 Acherontis
691 1833 724 1881 ad
731 1832 818 1882 undas.

144 1902 267 1953 'Ihrbidus
276 1902 316 1950 hic
325 1917 399 1950 caeno
409 1906 525 1958 vastaque
535 1905 649 1961 voragine
657 1918 749 1962 gurges

144 1972 242 2019 uestuut
251 1971 324 2025 atque
333 1985 429 2017 omnem
439 1972 529 2026 Cocyto
538 1973 634 2018 eructat
643 1971 771 2021 harenam.

144 2035 254 2083 Portitor
263 2035 308 2081 has
317 2035 451 2081 horrendus
458 2051 532 2090 aquas
542 2038 567 2082 et
578 2035 680 2082 flumina
688 2036 773 2082 servat

144 2103 249 2152 terribili
257 2102 367 2158 squalore
379 2103 484 2159 Charon,
495 2103 534 2150 cui
543 2103 650 2158 plurima
659 2104 742 2148 mento

118 2186 136 2212 ιο
145 2171 245 2219 canities
254 2170 348 2217 inculta
357 2169 429 2228 iacet,
440 2172 507 2217 stunt
517 2170 610 2216 lumine
619 2169 725 2224 flamma,

144 2239 256 2286 sordidus
266 2254 296 2286 ex
305 2238 394 2286 umeris
403 2239 466 2285 nodo
475 2238 594 2294 dependet
604 2238 716 2284 amictus.

145 2308 203 2363 Ipse
212 2309 291 2354 ratem
301 2307 372 2353 conto
380 2306 472 2363 subigit
481 2306 586 2362 velisqpe
596 2304 728 2360 ministrat,

144 2376 172 2422 et
180 2374 321 2431 ferruginea
330 2373 458 2421 subvectat
468 2388 569 2429 corpora
578 2372 672 2428 cymba,

144 2441 194 2489 iam
204 2442 291 2498 senior,
302 2443 343 2490 sed
353 2441 428 2490 cruda
438 2442 482 2490 deo
491 2441 620 2496 viridisque
630 2440 711 2486 senect
742 2474 748 2486 .

194 2510 265 2560 (247)
