1972 3164
445 175 467 213 P.
481 174 600 213 VERGILI
613 175 740 215 MARONIS

255 270 384 328 continuit,
394 286 507 327 roseoque
517 271 576 318 haec
585 271 684 327 insuper
694 271 786 319 addidit
796 287 852 320 ore:

257 339 272 360 “
282 339 355 396 Nate,
366 339 419 395 quis
428 340 557 386 indomitas
567 341 652 387 tantus
663 340 730 387 dolor
739 341 830 389 excitat
839 342 906 390 iras?

255 407 313 462 quid
322 407 384 453 furis
394 410 438 454 aut
448 423 551 463 quonam
561 408 639 454 nostri
648 408 694 454 tibi
703 424 762 456 cura
771 410 887 458 recessit?

256 473 312 520 Non
322 475 389 530 prius
398 475 507 532 aspicies,
518 475 560 521 ubi
569 475 660 522 fessum
671 479 752 523 aetate
762 482 889 532 parentem

254 542 352 598 liqueris
361 543 491 600 Anchisen,
503 545 601 598 superet
610 544 744 592 coniunxne
755 545 846 593 Creusa

255 611 419 666 Ascaniusque
428 614 504 666 puer?
516 627 575 666 quos
585 627 668 658 omnes
677 611 782 668 undique
793 613 881 662 Graiae

255 678 346 725 circum
355 681 440 725 errant
449 680 512 726 acies
523 681 556 736 et,
568 680 594 726 ni
604 695 658 727 mea
667 696 726 727 cura
736 681 844 739 resistat,

207 758 243 796 600
254 747 303 793 iam
314 747 424 794 flammae
434 748 535 795 tulerint
545 748 656 795 inimicus
667 750 692 795 ct
701 748 811 796 hauserit
820 751 892 798 ensis.

255 814 311 863 Non
320 815 364 861 tibi
375 816 519 872 Tyndaridis
529 815 603 863 facies
613 816 692 862 invisa
701 817 826 864 Lacaenae

254 883 396 939 culpatusve
406 885 485 941 Paris,
496 885 578 930 divum
587 884 750 940 inclementia,
758 885 849 942 divum,

253 951 297 998 has
307 953 396 1000 evertit
406 968 462 1008 opes
473 952 607 1007 sternitque
616 969 631 999 a
641 952 745 1000 eulmine
756 953 863 1001 Troiam.

253 1020 340 1076 Aspice
351 1023 462 1078 (namque
472 1036 575 1076 omnem,
586 1035 646 1075 quae
656 1037 720 1069 nunc
729 1022 835 1070 obducta
849 1024 931 1070 tuenti

253 1090 367 1136 moniales
377 1089 476 1136 hebetat
485 1089 551 1135 visus
561 1088 606 1134 tibi
616 1091 641 1135 et
651 1090 734 1136 umida
744 1090 835 1138 circum

253 1157 350 1215 caligat,
362 1158 450 1205 nubem
458 1157 558 1213 eripiam
567 1176 573 1213 3
587 1158 616 1202 tu
625 1173 656 1204 ne
665 1173 714 1214 qua
723 1159 832 1213 parentis

252 1225 319 1273 iussa
328 1227 388 1274 time
398 1242 445 1274 neu
455 1225 589 1282 praeceptis
599 1240 684 1280 parere
697 1226 790 1280 recusa)
800 1246 805 1273 :

252 1293 301 1352 hic,
311 1294 353 1340 ubi
363 1295 475 1342 disiectas
485 1293 560 1341 moles
570 1293 700 1348 avulsaque
710 1294 775 1340 saxis

253 1377 313 1410 saxa
321 1363 388 1410 vides
398 1363 519 1418 mixtowe
530 1361 663 1408 undantem
675 1362 775 1417 pulvere
784 1362 888 1420 fumum,

204 1435 242 1473 610
253 1430 383 1486 Neptunus
393 1446 474 1477 muros
484 1443 617 1486 magnoque
627 1432 708 1477 emota
717 1431 819 1478 tridenti

252 1497 413 1546 fundamenta
422 1498 502 1554 quatit
511 1500 635 1554 totamque
645 1513 660 1544 a
670 1498 766 1545 sedibus
776 1499 862 1545 urbem

252 1567 324 1615 cruit.
357 1568 405 1615 Hic
415 1569 477 1614 Iuno
488 1567 574 1614 Scaeas
584 1566 723 1614 saevissima
732 1568 816 1622 portes

251 1636 331 1690 prima
340 1638 416 1692 tenet,
427 1636 565 1691 sociumque
575 1635 659 1682 furens
669 1650 684 1681 a
693 1635 796 1682 navibus
806 1650 893 1692 agmen

251 1702 317 1750 ferro
327 1703 436 1750 accincta
446 1705 524 1750 vocat.

251 1771 304 1818 Iam
314 1786 420 1818 summas
431 1770 498 1819 arces
510 1771 621 1818 Tritonia
631 1771 740 1829 (respice)
750 1772 833 1819 Pallas

249 1839 346 1897 insedit,
358 1839 439 1886 nimbo
449 1840 568 1896 effulgens
578 1841 605 1887 et
615 1840 728 1897 Gorgone
739 1855 819 1887 saeva.

250 1909 306 1964 Ipse
314 1909 385 1963 pater
395 1908 487 1955 Danais
497 1907 590 1954 animos
598 1907 707 1963 viresque
717 1909 834 1956 secundus

250 1977 346 2032 sufficit,
356 1976 407 2032 ipsc
417 1977 473 2023 deos
483 1977 509 2022 in
519 1976 637 2023 Dardana
644 1975 746 2023 suscitat
757 1992 832 2024 arma.

250 2045 332 2102 Eripe,
343 2047 408 2101 nate,
419 2045 511 2102 fugam,
522 2045 640 2100 finemque
653 2044 747 2099 impone
757 2045 841 2092 labori.

202 2123 239 2160 620
250 2114 376 2170 Nusquam
386 2114 458 2161 abero
467 2115 492 2160 et
501 2115 584 2160 tutum
594 2113 706 2168 patriota
716 2113 798 2160 limine
808 2114 921 2161 sistam.’'

250 2183 361 2240 Dixerat,
372 2184 397 2229 ct
407 2182 488 2238 spissis
499 2181 576 2228 noctis
587 2196 612 2228 se
622 2181 729 2228 condidit
738 2182 838 2230 umbris.

248 2253 375 2307 Apparent
385 2251 452 2297 dirae
461 2249 535 2296 facies
545 2249 689 2304 inimicaque
700 2250 786 2297 Troiae

248 2320 348 2366 numina
357 2334 446 2375 magna
454 2318 533 2364 deum.

277 2388 283 2408 ‘
293 2389 355 2434 Tum
365 2403 422 2435 vero
431 2401 501 2434 omne
510 2386 569 2432 mihi
578 2387 659 2434 visum
668 2387 791 2434 considere
800 2387 827 2434 in
836 2387 906 2445 ignes

248 2455 321 2503 Ilium
331 2458 356 2503 et
365 2472 395 2503 ex
404 2456 453 2503 imo
462 2454 525 2502 verti
535 2454 659 2509 Neptunia
670 2455 743 2503 Troia
751 2475 757 2511 3

296 2524 304 2573 (
314 2524 365 2572 156)
