1972 3164
425 199 535 242 AENEIS.
560 200 592 240 1v

168 290 233 339 idem
243 291 327 339 ambas
336 293 403 341 ferro
412 295 479 343 dolor
488 298 560 353 amus
569 299 652 346 eadem
662 298 722 347 hora
730 301 834 349 tulisset.

122 374 158 414 580
171 362 218 408 His
227 362 301 414 etiam
313 364 391 410 struxi
400 366 511 412 manibus
521 366 659 422 patriosque
669 368 752 416 vocavi

170 446 228 479 voce
238 433 302 489 deos,
314 433 348 480 sic
358 434 383 480 te
393 436 421 480 ut
431 436 510 490 posita
520 436 623 483 crudelis
633 436 757 484 abessem?

170 499 298 547 Exstinxti
305 503 330 548 te
340 517 432 560 meque,
443 518 518 561 soror,
529 504 692 560 populumque
701 507 830 561 patresque

171 569 281 616 Sidonios
291 569 421 626 urbemque
431 572 508 619 tuam.
538 572 603 619 Date
613 573 716 620 vulnera
724 574 829 630 lymphis

170 637 269 685 abluam
279 640 312 696 et,
322 643 445 687 extremus
455 641 475 686 si
485 640 538 697 quis
548 656 620 696 super
629 641 720 688 halitus
730 644 805 702 errat,

169 722 212 754 ore
223 707 319 764 legam!
350 709 390 756 Sic
399 708 453 756 fata
462 710 552 765 gradum
562 712 673 756 evaserat
682 711 753 768 altos,

170 777 381 832 semianimemque
391 777 447 825 sinu
455 793 595 834 germanam
605 779 717 834 amplexa
725 779 824 826 fovebat

170 861 227 892 cum
237 847 338 904 gemitu,
349 849 421 901 atque
431 848 497 892 atros
507 846 612 894 siccabat
622 849 688 894 veste
698 862 803 894 cruores.

171 913 220 960 Illa
229 930 316 971 graves
326 915 407 963 oculos
417 916 504 962 conata
513 915 624 962 attollere
634 931 719 961 rursus

170 980 269 1039 deficit;
283 983 384 1029 infixum
394 984 476 1030 stridit
487 983 530 1029 sub
540 986 636 1039 pectore
645 983 742 1030 vulnus.

122 1060 161 1109 590
173 1050 223 1097 Ter
233 1066 284 1099 sese
294 1052 407 1099 attollens
418 1052 543 1107 cubitoque
553 1052 643 1099 annixa
651 1053 750 1108 levavit,

172 1123 212 1167 ter
222 1121 333 1168 revoluta
342 1123 396 1168 toro
405 1123 443 1167 est
452 1121 573 1176 oculisque
583 1120 722 1167 errantibus
732 1119 783 1167 alto

139 1226 143 1232 .
172 1189 292 1244 quaesivit
303 1188 368 1236 caelo
377 1189 455 1236 lucem
465 1189 630 1246 ingemuitque
640 1190 745 1244 reperta.

204 1259 268 1306 Tum
278 1257 340 1304 Iuno
350 1258 501 1313 omnipotens
510 1257 610 1313 longum
620 1256 735 1303 miserata
744 1255 850 1302 dolorem

171 1328 327 1382 difficilesque
336 1327 416 1374 obitus
426 1326 487 1372 Irim
497 1325 593 1373 demisit
604 1324 715 1381 Olympo,

172 1413 235 1454 quae
245 1397 379 1444 luctantem
389 1395 495 1441 animam
505 1408 624 1448 nexosque
633 1391 763 1439 resolveret
773 1393 850 1438 artus.

172 1467 240 1514 Nam
250 1465 306 1520 quia
315 1479 359 1511 nec
368 1464 421 1510 tato
430 1462 519 1510 merita
528 1478 573 1509 nec
582 1464 661 1509 morte
670 1460 773 1517 peribat,

173 1535 217 1583 sed
227 1535 315 1580 misera
325 1533 454 1580 antediem
465 1531 591 1586 subitoque
600 1544 702 1577 accensa
710 1529 802 1584 furore,

173 1603 282 1650 nondum
290 1602 325 1648 illi
335 1601 424 1647 flavum
435 1599 581 1655 Proserpina
590 1597 679 1645 vertice
688 1596 778 1644 crinem

174 1671 311 1719 abstulerat
322 1670 451 1726 Stygioque
462 1670 536 1725 eaput
545 1667 703 1714 damnaverat
713 1665 784 1712 Orco.

122 1755 163 1794 700
176 1741 245 1799 Ergo
255 1741 302 1786 iris
312 1740 400 1787 croceis
410 1754 453 1794 per
462 1737 555 1785 caelum
564 1735 657 1782 roscida
667 1734 759 1791 pennis,

175 1809 242 1856 millo
253 1809 353 1856 trahens
362 1808 441 1854 varios
451 1807 551 1853 adverso
561 1804 609 1851 sole
619 1803 717 1859 colores,

175 1877 281 1933 devolat,
292 1879 316 1924 et
326 1891 401 1932 supra
410 1876 483 1930 caput
493 1873 580 1920 astitit.
611 1872 699 1918 ‘Hunc
709 1885 753 1926 ego
763 1871 816 1917 Diti

175 1962 272 1994 sacrum
282 1946 348 1991 iussa
357 1944 417 2000 fero,
427 1944 498 1997 teque
507 1942 555 1988 isto
564 1955 661 1996 corpore
671 1938 736 1986 solvo
744 1939 764 1984 :'

175 2016 210 2062 sic
221 2015 265 2071 ait,
275 2016 300 2060 et
310 2013 397 2059 dextra
406 2011 495 2058 crinem
506 2011 571 2057 secat
581 2029 587 2056 z
601 2007 677 2055 omnis
687 2008 712 2052 et
721 2021 772 2051 una

177 2083 285 2139 dilapsus
295 2081 368 2139 calor,
379 2081 451 2136 amue
460 2079 487 2126 in
496 2079 581 2127 ventos
590 2075 642 2124 vita
651 2075 757 2122 recessit.
