1972 3164
369 176 392 216 P.
404 174 524 214 VERGILI
537 175 665 217 MARONIS

176 269 283 318 Italiam.
314 270 411 318 Italiam
421 272 512 328 primus
521 273 656 320 conclamat
665 271 781 332 Achates,

179 338 278 386 Italiam
288 337 354 386 laeto
363 339 421 386 socii
431 339 535 386 clamore
545 339 662 388 salutant.

178 406 243 454 Tum
253 409 324 464 pater
333 407 450 455 Anchises
460 423 575 465 maguum
585 410 681 456 cratera
691 423 779 457 corona

177 476 260 523 induit
268 476 423 532 implevitque
433 490 507 534 mero,
518 477 631 533 divosque
640 478 735 527 vocavit

178 546 248 592 stans
258 545 337 601 prima
345 545 371 590 in
381 544 471 601 puppi:

180 611 196 634 “
206 613 239 659 Di
248 612 321 659 marie
331 613 356 659 et
366 614 448 659 terrae
457 614 677 671 tempestatumque
687 614 807 675 potentes,

178 679 242 727 ferte
251 680 316 727 viem
325 681 399 728 vento
407 681 504 728 facilem
513 682 539 729 et
548 683 639 738 spirate
648 684 774 732 secundi.''

131 767 168 804 530
180 747 343 797 Crebrescunt
353 750 451 804 optatae
460 765 543 807 aurae,
552 753 683 807 portusque
695 752 800 808 patescit

178 817 338 874 iampropior,
347 817 510 874 templumque
515 821 618 875 apparet
626 819 652 865 in
658 835 714 868 arce
721 820 854 869 Minervae.

179 885 241 933 Vela
249 885 334 942 legunt
345 885 403 932 socii
413 889 437 934 et
447 902 532 942 proras
541 887 573 934 ad
582 887 655 935 litora
664 890 788 944 torquent.
888 907 892 911 ·

179 954 268 1001 Portus
278 953 309 1000 ab
319 955 400 1001 Euroo
410 954 488 1002 fluctu
496 956 611 1003 curvatus
619 955 645 1002 iu
654 971 748 1014 arcum,

178 1021 285 1069 obiectae
295 1021 360 1069 salsa
369 1023 484 1078 spumant
494 1023 621 1079 aspergine
630 1025 723 1080 cautes,

178 1089 229 1145 ipse
238 1090 300 1138 latet
310 1111 315 1138 ι
330 1090 426 1147 gemino
436 1090 568 1137 demittunt
577 1091 691 1139 bracchia
702 1106 773 1138 muro

178 1159 263 1206 turriti
273 1158 363 1214 scopuli
373 1158 509 1215 refugitqire
519 1158 551 1205 ab
563 1157 635 1206 litore
644 1159 771 1215 templum.

180 1227 301 1284 Quattuor
310 1226 358 1283 hic,
369 1226 474 1283 primum
483 1241 561 1283 omen,
572 1242 645 1283 equos
654 1227 680 1274 in
689 1227 799 1284 gramine
807 1227 857 1276 vidi

179 1296 308 1343 tondentes
318 1310 430 1350 campum
439 1295 496 1352 late,
507 1295 610 1342 caudore
619 1295 702 1342 nivali.

180 1364 214 1411 Et
220 1366 291 1420 pater
298 1363 415 1411 Anchises
424 1363 439 1384 ‘⁴
445 1363 644 1420 Bellum,oterra
649 1362 754 1422 hospita,
760 1364 855 1420 portas=

132 1451 169 1490 ⁵40
180 1432 243 1480 bello
253 1433 381 1480 armantur
390 1431 454 1488 equi,
466 1431 557 1478 bellum
566 1431 626 1479 haec
639 1433 752 1480 armenta
764 1431 858 1480 minan·

236 1503 286 1548 tur.

181 1569 229 1617 Sed
238 1571 320 1616 tamen
330 1569 393 1616 idem
403 1569 460 1616 olim
468 1584 542 1616 curru
551 1568 678 1616 succedere
687 1567 751 1616 sueti

180 1637 346 1693 quadrupedes
356 1639 380 1684 et
389 1637 460 1684 irena
469 1636 527 1694 iugo
537 1637 664 1684 concordia
673 1637 738 1684 ferre
748 1657 753 1684 ι

178 1721 233 1761 spes
243 1706 268 1752 et
277 1704 343 1761 pacis
351 1705 366 1725 ''
377 1705 420 1752 ait.
437 1704 513 1751 ·Tum
523 1705 624 1752 numina
635 1706 720 1752 sancta
730 1720 860 1760 precamur

179 1773 286 1820 Palladis
296 1773 438 1830 armisonae,
449 1787 510 1828 quae
520 1773 599 1829 prima
608 1773 701 1828 accepit
711 1775 821 1830 ovantes,

180 1844 207 1890 et
214 1842 295 1897 capita
304 1843 360 1888 ante
370 1857 425 1888 aras
436 1841 543 1898 Phrygio
552 1841 662 1888 velamur
671 1841 771 1897 amictu,

179 1910 360 1967 praeceptisque
371 1909 468 1967 Heleni,
480 1909 580 1956 dederat
590 1923 651 1965 quae
660 1910 775 1968 maxime,
784 1909 832 1957 rite

180 1979 268 2026 Iunoni
277 1977 383 2034 Argivae
392 1977 470 2024 iussos
479 1977 603 2025 adolemus
612 1977 723 2024 honores.

180 2048 255 2095 Haud
265 2061 340 2104 mora,
351 2046 465 2094 contiuuo
474 2046 591 2101 perlectis
601 2045 684 2093 ordine
693 2043 756 2092 votis

180 2130 271 2163 cornua
279 2115 416 2162 velatarum
426 2113 573 2161 obvertimus
584 2116 755 2170 antennarum,

133 2203 169 2239 5⁵0
181 2183 392 2242 Graiugenumque
400 2183 482 2229 domos
489 2184 647 2239 suspectaque
653 2181 783 2237 linquimus
790 2196 857 2228 arva.

181 2252 247 2299 Hinc
256 2252 323 2298 sinus
333 2250 456 2306 Herculei,
468 2250 488 2297 si
497 2265 556 2297 vera
565 2253 602 2298 est
612 2250 687 2307 fama,
698 2249 800 2297 Tarenti

180 2321 295 2377 cernitur,
306 2318 397 2366 attollit
407 2333 432 2367 se
442 2318 498 2365 diva
507 2319 608 2366 Lacinia
616 2321 710 2375 contra,

181 2388 339 2444 Caulonisque
350 2402 416 2434 arces
426 2389 451 2433 et
460 2385 615 2443 navifragum
626 2387 774 2444 Scylaceum.

181 2457 243 2573 Tun?
254 2456 338 2573 {⁰5⁰1
347 2471 360 2503 e
370 2455 447 2503 fluctu
456 2455 583 2503 Trinacria
592 2457 700 2504 cernitur
709 2456 798 2511 Aetna,

251 2539 259 2563 1
