1972 3164
427 180 537 220 AENEIS.
563 180 596 220 IV

122 297 161 334 370
172 289 232 321 num
242 273 353 390 lttms
362 272 442 322 victus
455 274 522 323 dedit
532 276 576 323 aut
589 275 717 323 miseratus
727 279 849 326 amantem

229 359 254 391 es

171 427 232 469 qnae
242 411 327 468 quibus
337 412 489 460 anteferam?
503 412 606 460 iamiam
616 429 660 461 nec
670 414 777 462 maxima
786 416 848 463 Iuno

170 497 216 528 nec
227 480 355 527 Saturnius
366 481 424 528 haec
434 481 509 528 oculis
520 482 596 529 Pater
606 482 693 538 aspicit
702 483 793 538 aequis.

171 549 299 604 Nusquam
308 550 365 596 tuta
374 549 440 596 fides.
471 550 583 596 Eiectum
592 551 671 607 litore,
682 553 795 609 egentem

170 617 254 672 excepi
261 618 286 663 st
294 617 364 673 regni
373 617 470 664 demens
480 618 506 665 in
516 620 586 674 parte
595 619 673 666 locavi
682 638 688 676 3

171 684 285 731 amissam
295 685 404 742 classem,
415 686 491 733 socios
501 702 516 733 a
525 689 603 734 morte
613 688 699 734 reduxi
709 709 714 735 :

171 753 220 800 heu
233 752 303 799 furiis
313 753 412 801 incensa
422 753 500 802 feror!
516 771 582 802 nunc
589 771 669 812 augur
678 756 775 813 Apollo,

171 836 238 868 nnnc
247 820 334 877 Lyciae
344 824 430 879 sortes,
441 837 506 869 nnnc
515 824 541 869 et
548 823 606 870 Iove
616 824 703 870 missus
713 824 803 880 abipso

171 888 292 944 interpres
302 888 386 935 divum
395 888 445 936 fert
455 890 553 937 horrida
561 891 627 938 iussa
636 907 680 948 per
689 907 769 939 auras.

173 956 270 1004 Scilicet
278 957 300 1003 is
312 958 407 1013 superis
417 957 486 1005 labor
495 961 541 1016 est,
552 975 581 1006 ea
590 976 649 1007 cura
658 961 750 1016 quietos

122 1037 162 1088 ³80
173 1025 296 1073 sollicitat.
321 1026 407 1082 Neque
417 1027 442 1074 te
452 1029 523 1074 teneo
532 1043 608 1083 neque
618 1028 685 1075 dicta
693 1027 778 1075 refello
788 1049 794 1075 z

172 1093 190 1150 i,
201 1108 298 1149 sequere
306 1093 405 1140 Italiam
415 1095 503 1151 ventis,
514 1097 569 1150 pete
578 1111 655 1152 regna
664 1111 707 1151 per
716 1096 802 1142 undas.

173 1162 249 1218 Spero
259 1161 368 1217 equidem
377 1163 470 1221 mediis,
481 1163 568 1218 siquid
578 1164 618 1219 pia
626 1164 728 1210 numina
738 1165 851 1220 possunt,

173 1229 292 1286 supplicia
300 1229 435 1276 hausurum
445 1230 549 1286 scopulis
559 1233 584 1278 et
595 1231 692 1278 nomine
702 1231 766 1277 Dido

173 1313 245 1353 saepe
254 1300 405 1345 vocaturum.
437 1299 529 1354 Sequar
539 1299 600 1345 atris
610 1299 706 1355 ignibus
717 1298 811 1355 absens,

172 1368 207 1424 et,
218 1382 273 1413 cnm
283 1365 372 1423 frigida
382 1382 447 1413 mors
458 1367 539 1413 anima
549 1366 671 1413 seduxerit
681 1367 759 1422 artus,

172 1435 284 1482 omnibus
307 1435 394 1482 umbra
421 1435 479 1482 locis
503 1435 584 1482 adero.
623 1434 708 1490 Dabis,
733 1434 848 1490 improbe,

233 1518 330 1560 poenas.

174 1571 288 1628 Audiam,
293 1573 318 1618 et
328 1571 387 1618 haec
398 1571 567 1619 manesveniet
577 1571 637 1617 mihi
645 1571 713 1618 fama
720 1571 764 1618 sub
773 1571 852 1619 imos!

174 1639 222 1686 His
232 1639 337 1686 medinm
346 1639 418 1686 dictis
427 1655 563 1687 samonem
574 1639 698 1695 abrumpit
708 1641 733 1686 et
743 1653 816 1686 auras

175 1722 249 1764 aegra
258 1706 323 1763 fugit
333 1721 404 1763 seque
414 1723 444 1756 ex
453 1708 528 1755 oculis
538 1709 629 1755 avertit
639 1709 664 1754 et
673 1707 763 1763 aufert,

126 1797 165 1838 39⁰
175 1776 286 1832 linquens
301 1776 380 1822 multa
391 1779 459 1824 metu
473 1779 628 1824 cunctantem
640 1778 665 1823 et
679 1777 758 1823 multa
767 1791 854 1831 paran-

232 1846 282 1892 tem

175 1913 263 1962 dicere.
295 1913 434 1970 Suscipiunt
444 1913 550 1961 famulae
560 1914 712 1970 collapsaque
721 1913 830 1960 membra

174 1997 310 2029 marmoreo
319 1982 430 2030 referunt
439 1983 548 2030 thalamo
558 1983 688 2038 stratisque
697 1981 827 2036 reponunt.

203 2050 239 2096 At
248 2051 303 2106 pius
312 2051 415 2107 Aeneas,
425 2066 570 2107 quamquam
580 2051 656 2098 lenire
666 2049 787 2096 dolentem

176 2117 276 2165 solando
285 2119 352 2174 cupit
362 2120 387 2166 et
398 2119 468 2165 dictis
479 2120 589 2165 avertere
600 2132 679 2172 curas,

176 2185 257 2232 multa
284 2201 381 2242 gemeus
411 2201 544 2242 magnoque
577 2185 687 2232 animum
720 2181 855 2228 labefactus

234 2269 324 2311 amors,

176 2323 243 2370 iussa
252 2325 336 2370 tamen
345 2323 427 2370 divum
437 2323 576 2378 exsequitur
585 2322 731 2375 classemque
741 2316 834 2364 revisit.

178 2393 242 2440 Tum
252 2407 310 2440 vero
320 2392 407 2439 Teucri
415 2391 560 2440 incumbunt
569 2393 594 2437 et
604 2390 675 2437 litore
686 2387 762 2434 celsas

178 2462 302 2509 deducunt
311 2463 364 2508 toto
374 2475 455 2508 naves.
486 2460 565 2507 Natat
575 2458 650 2504 uncta
660 2456 750 2511 carina,

228 2530 299 2580 (199)
