1972 3164
459 204 554 243 CULEX

170 301 239 357 eheu,
251 302 382 348 mutandus
392 318 522 358 numquam
533 303 614 349 labor!
631 302 729 348 auferor
739 304 806 350 ultra

169 369 195 415 in
205 368 300 415 diversa
309 369 394 424 magis,
405 370 523 416 distantia
532 369 630 416 nomina
640 383 720 424 corno,

122 441 159 477 260
170 436 281 491 Elysium
290 438 425 493 transimus,
437 453 496 493 agor
506 437 600 483 delatus
611 437 641 482 ad
651 436 750 483 undam.

169 504 239 550 obvia
249 504 401 558 Persephone
412 506 509 552 comites
519 505 629 551 heroidas
638 506 710 560 urget

168 572 282 618 adversas
292 573 415 628 praeferre
426 574 498 620 iaces.
529 573 633 620 Alcestis
643 573 674 619 ab
684 573 749 619 omni

168 639 285 686 inviolata
294 642 376 687 manet
387 656 453 697 cura,
464 642 527 696 quod
537 656 609 688 saeva
618 640 700 687 meriti

167 708 193 753 in
204 708 370 754 Chalcodoniis
380 709 479 756 Admeti
489 708 562 765 ’seura
571 712 666 756 morata
675 711 720 755 est.

168 791 230 831 ecce,
241 776 321 822 Ithaci
331 777 434 823 coniunx
445 792 538 833 semper
547 778 618 825 decus
629 777 747 832 Icariotis‚

167 843 298 889 femineum
308 846 438 899 consaepta
447 861 515 892 secus
524 848 614 900 manet,
625 847 650 892 et
659 845 743 901 procul
752 844 795 891 illa

168 911 241 957 turba
251 912 319 958 ferox
328 913 443 959 iuvenum
453 915 507 961 telis
518 915 612 961 confixa
622 929 757 969 procorum.

168 979 233 1036 quid,
244 981 333 1028 misera
342 981 471 1038 Eurydice,
482 984 580 1029 tantum
591 996 699 1028 maerore
708 982 810 1027 receati?

168 1063 275 1102 poenane
285 1052 408 1105 respectus
418 1052 442 1097 et
452 1067 517 1097 nunc
528 1052 610 1096 manet
620 1049 729 1104 Orpheos
738 1049 764 1093 in
774 1050 816 1094 te?

122 1133 157 1170 270
169 1116 247 1162 audax
257 1117 297 1164 ille
307 1119 411 1174 quidem,
423 1119 464 1174 qui
473 1119 557 1165 mitem
568 1118 689 1165 Cerberon
699 1131 813 1170 umquam

168 1184 269 1230 credidit
279 1187 322 1231 aut
333 1186 377 1231 ulli
387 1186 452 1231 Ditis
463 1186 580 1240 placabile
590 1200 688 1242 numen,

167 1266 212 1298 nec
217 1252 299 1298 timuit
306 1253 485 1308 Phlegethonta
491 1253 612 1299 furentem
619 1254 759 1301 ardentibus
765 1255 844 1310 undis,

167 1335 211 1366 nec
221 1321 315 1366 maesta
324 1320 425 1366 obtenta
434 1321 499 1367 Ditis
509 1321 632 1377 ferrugine
642 1338 726 1380 regna,

167 1388 318 1442 ecfossasque
328 1388 409 1434 domos
420 1404 448 1434 ac
458 1389 563 1436 Tartara
572 1392 643 1437 nocte
653 1394 754 1437 cruenta

167 1456 254 1512 obsita,
265 1471 310 1503 nec
320 1456 404 1503 faciles
415 1456 495 1510 †Ditis
506 1458 557 1504 sine
566 1457 646 1505 iudice
656 1460 732 1516 sedes,

166 1523 254 1581 iudice,
266 1525 307 1579 qui
318 1524 383 1571 vitae
394 1528 449 1580 post
460 1528 561 1572 mortem
571 1526 678 1573 vindicat
688 1529 750 1574 actu.

167 1592 209 1639 sed
219 1593 331 1639 Fortuna
340 1593 423 1639 valens
434 1594 550 1640 audacem
559 1594 651 1640 fecerat
661 1596 726 1641 ante.

167 1660 215 1706 iam
225 1660 305 1716 rapidi
315 1663 434 1708 steterant
445 1677 528 1708 amnes
538 1664 562 1708 et
572 1661 646 1708 turba
656 1663 764 1709 ferarum

167 1728 257 1775 blanda
266 1744 323 1776 vooe
334 1744 423 1785 sequax
432 1731 555 1787 regionem
565 1730 686 1777 insederat
697 1731 794 1790 Orphei,

122 1803 157 1842 280
167 1797 262 1854 iamque
271 1801 345 1845 imum
355 1798 427 1847 viridi
436 1800 541 1847 radicem
551 1801 660 1846 moverat
669 1800 719 1847 alte

167 1881 269 1922 quercus
278 1866 353 1914 humo
364 1903 463 1915 ......
475 1868 596 1924 silvaeque
606 1884 705 1916 sonoros

169 1937 254 1991 sponte
264 1951 308 1982 sua
318 1939 404 1983 cantus
414 1937 541 1992 rapiebant
552 1938 640 1983 cortice
651 1953 733 1983 avara.

167 2004 270 2050 labentis
280 2004 372 2062 biiuges
383 2006 456 2052 etiam
466 2021 510 2061 per
519 2006 598 2051 sidera
608 2006 679 2050 Luna

168 2073 254 2126 pressit
265 2087 346 2128 equos,
358 2075 382 2119 et
392 2075 421 2118 tu
431 2073 559 2127 currentis,
570 2074 696 2118 menstrua
705 2071 780 2127 virgo,

167 2139 282 2185 auditura
291 2139 377 2195 lyram,
388 2139 489 2186 tenuisti
498 2143 569 2186 nocte
579 2140 670 2187 relicta.

167 2207 226 2254 haee
236 2209 319 2254 eadem
329 2209 409 2263 potuit
420 2209 493 2264 Ditis,
502 2210 527 2254 te
537 2209 640 2265 vincere,
652 2210 764 2266 coniunx,

168 2274 351 2329 Eurydicenque
361 2275 426 2321 ultro
436 2276 570 2322 ducendam
580 2277 680 2323 reddere
691 2298 696 2323 ε
711 2294 760 2325 non
770 2279 816 2336 tas,

168 2357 216 2388 uon
226 2345 279 2389 erat
289 2344 324 2390 ire
334 2345 398 2389 viam
408 2344 483 2390 durae
493 2345 613 2390 exorabile
623 2346 715 2391 mortis.

169 2410 211 2456 illa
221 2411 324 2467 quidem,
335 2411 436 2456 nimium
447 2427 529 2459 manes
540 2415 640 2467 experta
650 2427 753 2470 severos,

122 2499 157 2535 290
169 2481 325 2533 praeceptum
335 2480 447 2536 signabat
457 2480 512 2538 iter,
524 2496 568 2528 nec
577 2481 674 2528 rettulit
684 2481 750 2528 intus

216 2546 225 2594 (
234 2559 271 2596 453
281 2546 288 2596 )
