1972 3164
381 329 404 369 P.
417 329 537 371 VERGIH
549 331 677 373 MARONIS

191 424 265 474 Illum
274 443 323 475 non
332 427 415 485 populi
424 429 511 487 fasces,
519 445 567 477 nou
577 446 686 486 purpura
695 446 780 488 mmm
802 438 805 442 ⁴

191 495 258 542 flexit
268 497 293 543 et
301 495 387 544 infidos
397 497 494 554 agitans
504 498 623 546 discordia
632 499 729 557 fratres,

191 565 235 610 aut
245 564 370 612 coniurato
380 567 525 614 descendeus
536 567 617 614 Dacus
628 567 660 613 ab
669 568 763 625 Histm,

191 648 240 680 non
249 649 288 681 res
297 633 421 682 Romanae
431 635 586 691 perituraque
597 651 688 691 regna:
702 652 779 692 neque
789 638 829 685 ille

192 704 236 749 aut
246 702 323 749 doluit
333 703 450 750 miserans
459 704 554 758 inopem
565 705 609 751 aut
618 704 705 750 invidit
715 705 822 753 habenti.

144 784 181 820 500
193 771 257 828 Quos
267 772 329 818 rami
338 772 442 829 fructus,
453 788 511 829 quos
521 773 574 827 ipsa
583 772 690 819 volentia
699 789 759 819 rura

192 841 277 896 sponte
287 840 365 887 tulere
375 855 426 897 sua,
437 841 536 897 carpsit,
546 856 590 887 nec
600 840 680 887 ferrea
689 841 744 888 iura

190 907 349 963 insanumque
360 909 439 955 iorum
449 911 493 956 aut
502 909 585 964 populi
594 908 716 956 tabularia
724 909 794 957 vidit.

192 975 328 1023 Sollicitant
338 976 379 1023 alii
388 977 460 1024 remis
470 977 535 1023 treta
544 992 622 1034 caeca,
634 979 756 1033 ruuntque

190 1043 217 1090 in
226 1044 327 1101 ferrum,
338 1048 468 1100 penetrant
479 1045 546 1091 aulas
557 1048 581 1092 et
591 1046 675 1092 limina
684 1062 769 1102 regum
779 1067 785 1101 ς

191 1111 230 1158 hie
239 1113 301 1167 petit
311 1113 408 1160 excidiis
418 1114 503 1160 urbem
513 1114 657 1169 miserosque
666 1117 775 1171 penates,

191 1181 220 1227 ut
229 1196 325 1237 gemma
333 1181 401 1227 bibat
411 1183 436 1228 et
447 1182 552 1228 Sarrano
562 1183 666 1229 dormiat
676 1185 756 1239 ostr03

191 1249 272 1296 condit
281 1264 337 1305 opes
348 1249 408 1297 alius
420 1250 558 1306 defossoque
568 1251 667 1297 incubat
677 1267 737 1297 auro
747 1270 752 1306 ;
788 1269 790 1273 ’

191 1317 230 1365 hic
240 1319 321 1374 stupet
331 1319 450 1365 attonitus
460 1320 560 1375 rostris3
573 1320 639 1366 hunc
648 1320 747 1375 plausus
757 1320 868 1369 hiantem

191 1402 235 1444 per
248 1402 335 1434 cuneos
344 1387 482 1444 geminatus
492 1388 556 1434 enim
566 1388 687 1443 plebisque
698 1390 845 1445 patrumque

144 1468 181 1505 510
192 1456 323 1513 corripuit3
338 1456 445 1515 gaudent
455 1457 547 1512 perfusi
557 1457 673 1513 sanguine
683 1457 799 1514 fratrum,

191 1525 319 1580 exsilioque
329 1526 410 1572 domos
419 1528 443 1573 et
454 1526 533 1572 dulcia
542 1526 627 1571 limina
636 1527 735 1571 mutant

191 1596 264 1650 atque
274 1594 321 1640 alio
331 1594 437 1650 patriam
448 1595 567 1649 quaerunt
578 1593 622 1640 sub
632 1593 680 1640 sole
690 1594 818 1640 iacentem.

190 1663 305 1719 Agricola
314 1663 414 1709 incurvo
423 1665 514 1710 terram
525 1662 625 1709 dimovit
635 1664 733 1709 aratro:

190 1731 247 1778 hine
257 1731 315 1779 anui
324 1731 400 1788 labor,
410 1731 467 1777 hinc
476 1731 582 1786 patriam
592 1746 726 1786 parvosque
736 1732 836 1785 nepotes

191 1799 302 1855 sustinet,
313 1799 369 1846 hinc
382 1801 493 1846 armenta
507 1799 580 1845 boum
590 1799 734 1854 meritosque
744 1799 866 1847 iuvencos.

190 1883 235 1915 nec
244 1867 345 1924 requies,
356 1867 413 1922 quin
423 1869 466 1913 aut
476 1868 552 1922 pomis
563 1868 677 1914 exuberet
688 1883 766 1914 annus

191 1938 234 1983 aut
244 1936 298 1983 fetu
307 1950 419 1992 pecorum
430 1939 473 1982 aut
484 1937 588 1983 Cerealis
599 1937 701 1992 mergite
712 1937 794 1992 culmi,

190 2006 355 2061 proventuque
365 2006 448 2052 oneret
459 2005 537 2051 sulcos
547 2007 619 2060 atque
629 2005 716 2052 horrea
725 2005 816 2052 vincat.

190 2073 265 2121 Venit
272 2073 364 2129 hiemps
374 2095 379 2121 :
395 2074 483 2120 teritur
494 2073 604 2129 Sicyonia
614 2075 674 2120 baca
683 2073 795 2129 trapetis,

143 2153 180 2190 ⁵20
190 2141 278 2198 glande
288 2156 341 2188 sues
351 2142 409 2188 laeti
418 2143 529 2198 redeunt,
540 2142 600 2188 dant
610 2143 698 2188 arbuta
709 2142 797 2189 silvae:

190 2212 215 2257 et
225 2209 304 2256 varios
313 2209 381 2265 ponit
391 2210 456 2257 fetus
467 2212 606 2266 autumnus,
618 2212 642 2257 et
652 2210 702 2257 alte

190 2279 256 2325 mitis
266 2278 291 2324 in
301 2277 388 2334 apricis
398 2279 510 2333 coquitur
519 2278 640 2325 vindemia
650 2279 722 2326 saxis.

190 2348 289 2394 Interea
298 2346 378 2393 dulces
388 2347 494 2402 pendent
505 2347 596 2393 circum
607 2348 689 2394 oscula
697 2349 759 2404 nati,

190 2417 258 2462 casta
267 2415 407 2471 pudicitiam
418 2417 498 2461 servat
509 2416 601 2471 domus,
612 2415 688 2462 ubera
698 2431 785 2462 vaccae

189 2482 268 2530 lactea
278 2483 419 2539 demittunt,
429 2483 576 2539 pinguesque
586 2483 612 2529 in
621 2483 731 2539 gramine
741 2484 807 2530 laeto

189 2551 254 2598 inter
267 2567 292 2598 se
302 2551 409 2598 adversis
419 2551 546 2598 luctantur
556 2551 667 2597 cornibus
676 2552 755 2598 haedi.

189 2618 247 2734 Ipse(
256 2619 305 2734 dies
315 2620 394 2676 agitat
402 2619 477 2667 festos
486 2619 601 2674 fususque
612 2635 655 2675 per
664 2619 772 2675 herbam,

255 2699 278 2734 72
