1972 3164
317 183 428 225 AENEIS.
452 185 485 225 VI

57 293 108 338 per
116 277 170 327 loca
178 281 250 327 senta
258 279 308 328 situ
317 283 407 339 cogunt
416 284 559 340 noctemque
569 284 723 344 profundam,

55 347 168 404 imperiis
178 363 248 404 egere
258 348 323 406 suis,
336 364 380 398 nec
389 351 487 399 credere
497 351 562 407 quivi

57 417 128 465 hunc
136 418 234 465 tantum
243 417 290 465 tibi
298 433 337 466 me
346 419 453 466 discessu
461 419 527 466 ferre
536 418 652 467 dolorem.

59 486 127 535 Siste
135 487 239 543 madum
248 488 321 542 teque
330 489 431 543 aspectu
439 502 470 535 ne
480 487 596 535 subtrahe
606 490 698 536 nostro.

59 554 140 612 Quem
147 555 230 612 fugis?
248 555 392 602 Extremum
402 555 456 602 fato
462 556 525 612 quod
534 557 559 603 te
569 557 685 615 alloquor,
692 558 737 606 hoc

118 623 173 670 est!

59 689 162 738 Talibus
172 691 268 738 Aeneas
277 691 403 740 ardentem
413 693 438 740 et
447 693 519 741 torva
528 693 638 741 tuentem

60 758 155 806 lemhat
164 759 235 807 dietis
245 760 353 807 animum
363 760 521 818 lacrimasque
531 762 618 810 ciebat.

62 826 113 874 Illa
121 826 172 875 solo
180 827 240 875 fixos
250 827 332 875 oculos
343 844 429 876 aversa
437 831 544 888 tenebat,

10 912 52 951 ⁸7⁰
62 910 108 943 nec
117 895 194 952 magis
203 895 300 952 incepto
308 897 404 943 vultum
415 913 523 946 sermone
533 901 653 956 movetur,

62 979 136 1020 quam
145 964 167 1011 si
175 963 237 1011 dura
246 964 306 1011 silex
315 967 359 1011 aut
369 966 418 1012 stet
428 967 551 1022 Marpesia
561 970 652 1015 cautes.

61 1032 171 1079 Tandem
181 1032 298 1088 corripuit
308 1048 359 1080 sese
369 1035 441 1090 atque
450 1035 547 1082 inimica
556 1036 648 1092 refugit

60 1099 89 1148 in
98 1115 183 1147 nemus
192 1100 362 1158 umbriferum,
373 1102 477 1149 coniunx
486 1102 529 1150 nbi
538 1104 654 1159 pristinus
664 1103 701 1150 illi

61 1169 193 1224 respondet
201 1169 266 1217 cuns
275 1171 410 1225 aequatque
421 1171 544 1227 Sychaeus
553 1186 668 1218 amorem.

61 1235 116 1284 Nec
125 1237 205 1284 minus
214 1237 317 1295 Aeneas,
329 1253 388 1285 casu
396 1254 526 1286 conensem
535 1239 624 1296 iniquo,

62 1304 217 1362 prosequitur
225 1305 331 1353 lacrimis
341 1306 412 1365 longe
421 1308 447 1354 et
456 1307 588 1353 miseratur
596 1308 703 1354 euntem.

91 1373 153 1421 Inde
162 1373 246 1420 datum
256 1374 357 1420 molitur
365 1375 421 1421 iter.
443 1374 543 1430 Iamque
553 1390 612 1427 arna
621 1373 739 1423 tenebant

60 1441 158 1499 ultima,
168 1456 230 1497 quae
238 1441 300 1489 bello
310 1442 370 1489 olari
379 1444 473 1490 secreta
482 1442 647 1498 frequentant.

62 1509 113 1557 Hic
122 1509 158 1556 illi
167 1510 273 1558 occurrit
283 1510 388 1567 Tydeus,
398 1511 438 1558 hic
446 1511 545 1558 inclitus
554 1511 629 1557 armis

11 1593 54 1646 ⁴⁸⁰
63 1577 263 1634 Parthenopaeus
273 1581 298 1626 et
307 1578 409 1625 Adrasti
418 1578 531 1634 pallentis
541 1578 630 1636 imago,

62 1646 104 1694 hic
113 1645 219 1692 multum
229 1645 280 1693 fleti
289 1647 321 1693 ad
330 1662 428 1702 superos
438 1646 547 1703 belloque
557 1647 641 1695 caduci

62 1713 229 1771 Dardanidae,
239 1729 298 1770 quos
307 1714 348 1762 ille
357 1729 439 1763 omnes
449 1715 522 1772 longo
531 1716 614 1764 ordine
624 1731 725 1764 cernens

62 1782 192 1842 ingemuit,
200 1783 365 1839 Glaucumque
375 1783 538 1840 Medontaque
545 1784 739 1832 Thersilochum-

120 1866 175 1908 que,

63 1920 115 1966 tres
125 1917 297 1976 Antenoridas,
308 1919 436 1975 Cererique
446 1935 541 1968 sacrum
552 1920 724 1978 Polyphoeten,

64 1987 212 2042 Idaeumque
221 1987 295 2034 etiam
304 2002 399 2043 currus,
409 1988 483 2035 etiam
492 2004 562 2035 arma
570 1991 703 2036 tenentem.

65 2055 232 2104 Circumstant
242 2055 336 2102 animae
346 2054 433 2103 dextra
441 2056 557 2112 laevaque
566 2057 720 2112 frequentem

63 2139 109 2171 nec
123 2122 210 2170 vidisse
219 2123 293 2170 semel
303 2125 362 2171 satis
372 2126 424 2180 est3
440 2124 509 2170 iuvat
519 2139 593 2179 nsque
603 2124 693 2171 morari

63 2193 90 2238 et
100 2191 211 2239 conferre
221 2192 324 2250 gradum
334 2193 360 2239 et
368 2192 480 2239 veniendi
489 2193 579 2239 discere
589 2207 682 2240 causas.

64 2259 100 2307 At
107 2260 221 2306 Danaum
227 2275 337 2315 proceres
343 2260 593 2317 Agamemnoniaeque
599 2259 740 2317 phalanges,

15 2347 54 2388 490
64 2330 94 2376 nt
104 2328 185 2376 videre
194 2328 274 2374 virum
283 2329 448 2386 fulgentiaque
458 2343 527 2374 arma
536 2344 579 2383 per
588 2328 695 2384 umbras,

64 2396 160 2455 ingenti
169 2397 291 2453 trepidare
300 2399 368 2444 metu
379 2417 384 2444 :
399 2412 456 2452 pars
466 2398 561 2443 vertere
570 2397 649 2452 terga,

64 2482 110 2515 ceu
120 2465 242 2522 quondam
252 2466 344 2522 petiere
353 2467 433 2522 rates3
451 2479 508 2521 pars
518 2464 602 2511 tollere
612 2479 693 2512 vocem

114 2539 122 2583 t
132 2547 168 2584 253
177 2534 186 2583 )
