1972 3164
471 179 567 222 CULEX

171 279 233 335 (quis
243 281 326 326 tamen
335 277 451 325 infestum
461 294 573 336 pugnans
583 280 704 328 devicerat
713 281 826 340 hostem),

125 361 160 398 390
171 347 251 394 rivum
261 348 360 403 propter
370 361 445 401 aquae
455 347 526 394 viridi
535 348 580 394 sub
590 348 675 395 fronde
684 348 801 397 latentem

171 415 321 462 conformare
331 414 410 460 locum
420 415 485 469 capit
494 415 597 471 inpiger.
620 416 685 464 hunc
695 419 719 463 ot
729 417 755 464 in
765 418 847 465 orbem

171 483 276 530 destinat
286 498 315 529 uc
325 482 385 529 ferri
395 482 507 537 capulum
520 483 634 538 repetivit
649 484 675 530 in
685 500 764 542 usum,

170 551 319 607 gramineam
329 550 400 597 viridi
409 552 438 596 ut
448 550 542 598 foderet
555 552 585 599 de
595 553 700 607 caespite
709 554 809 601 terram.
836 561 839 566 '

170 619 219 665 iam
229 633 320 666 memor
328 618 452 674 inceptum
462 634 580 677 peragens
591 620 637 666 sibi
646 636 706 667 cura
714 621 822 669 laborem

171 689 312 745 congestum
322 686 454 734 cumulavit
464 701 532 742 opus,
543 690 615 743 atque
625 704 713 745 aggere
723 689 802 737 multo

170 756 266 803 telluris
275 756 385 802 tumulus
394 755 527 802 formatum
537 757 613 803 crevit
622 757 648 804 in
657 758 739 804 orbem
748 776 754 814 3

171 839 242 880 quem
252 824 343 872 circum
352 823 456 878 lapidem
466 823 513 870 levi
522 824 552 871 de
561 839 680 874 marmore
691 827 811 873 adornans

170 892 284 948 conserit,
294 892 408 939 adsiduae
421 907 493 939 curae
503 907 601 939 memor.
631 893 705 941 hicet
715 895 832 941 acanthos

141 978 144 983 ⁴
170 962 195 1008 et
204 975 260 1008 rosa
269 975 417 1016 purpureum
432 975 539 1007 crescens
550 961 689 1016 pudibunda
698 977 742 1018 per
751 962 833 1010 orbem

123 1047 160 1084 400
170 1030 196 1075 et
205 1029 282 1075 violae
292 1043 363 1076 omno
372 1043 457 1084 genus,
468 1028 507 1075 hio
516 1030 555 1075 est
564 1031 589 1075 et
600 1029 716 1075 Parthica
725 1031 821 1084 myrtus

170 1098 243 1152 atoue
253 1097 398 1153 hyacinthus
408 1097 433 1143 et
442 1096 481 1142 hic
492 1096 561 1142 Cilici
571 1111 654 1142 crocus
664 1097 743 1142 editus
753 1110 820 1152 arvo,

169 1164 253 1212 laurus
262 1166 321 1212 item
331 1163 422 1211 Phoebi
428 1177 530 1220 surgens
538 1162 618 1219 decus,
627 1163 666 1210 hic
676 1163 848 1220 rhododaphne

169 1233 266 1288 liliaque
275 1237 301 1280 et
310 1232 371 1279 roris
381 1246 430 1277 non
440 1231 495 1277 avia
504 1245 564 1277 cura
572 1231 669 1288 marini,

169 1302 290 1356 herbaque
299 1300 362 1347 turis
371 1314 428 1354 opes
438 1298 521 1353 priscis
530 1298 627 1346 imitata
638 1299 734 1356 Sabina,

169 1366 531 1426 chrysanthusquehoderaeque
540 1367 605 1413 nitor
612 1367 717 1423 pellente
727 1369 847 1426 corymbo,

169 1441 195 1486 et
204 1438 308 1486 bocchus
318 1437 408 1492 Libyae
417 1435 481 1490 regis
491 1450 590 1491 memor,
601 1436 640 1482 hio
650 1436 809 1484 amaranthus

170 1508 342 1561 bumastusque
353 1504 433 1552 virens
442 1505 468 1551 et
478 1519 571 1559 semper
581 1504 666 1551 florida
674 1504 756 1552 tinus:
834 1535 836 1539 ι

170 1592 219 1623 non
228 1576 295 1622 illinc
304 1573 425 1621 narcissus
435 1572 511 1629 abest,
522 1572 561 1619 cui
570 1573 648 1628 gloria
657 1573 750 1620 formae

170 1645 226 1701 igne
236 1643 369 1698 Cupidineo
378 1640 486 1696 proprios
495 1641 586 1687 exarsit
595 1641 621 1687 in
631 1643 699 1687 artus
707 1659 714 1697 ς

123 1733 160 1769 410
171 1715 196 1761 et
206 1725 366 1768 quoscumque
381 1711 473 1755 novant
483 1709 610 1755 vernantia
620 1711 730 1764 tempora
739 1708 817 1766 flores,

170 1786 208 1832 his
218 1784 327 1831 tumulus
338 1797 410 1838 super
419 1781 543 1828 inseritur.
575 1784 629 1828 tum
639 1782 719 1829 fronte
729 1781 823 1828 locatur

169 1853 282 1910 elogium,
293 1853 370 1900 tacita
378 1850 469 1897 format
479 1851 541 1905 quod
550 1851 633 1897 littera
642 1866 699 1897 voce
708 1871 713 1896 :

171 1923 177 1944 ‘
187 1938 260 1979 parvo
271 1921 348 1977 culex,
359 1918 477 1975 pecudum
487 1922 567 1966 custos
577 1919 622 1966 tibi
630 1919 679 1965 tale
689 1918 791 1964 merenti

170 1991 262 2038 funeris
272 1990 375 2038 officium
384 1987 449 2035 vitus
459 2003 503 2042 pro
512 2002 611 2034 munero
620 1986 716 2033 reddit.³
