1972 3164
373 150 396 188 P.
410 150 528 190 VERGILI
541 151 669 192 MARONIS

183 260 264 293 ensem
274 246 347 302 atque
357 244 474 302 insignem
485 246 579 305 galeam
589 248 675 296 celatia
684 249 757 299 vicio.

184 316 236 363 Nec
246 331 329 364 mora:
344 317 458 363 continuo
467 317 542 364 vastis
552 333 606 364 cum
615 318 706 366 viribus
716 321 789 369 effert

184 399 229 431 ora
238 385 317 433 Dares
326 401 460 442 magnoque
469 386 549 432 virum
558 401 584 434 ae
593 402 717 436 murmure
726 389 800 448 tollit,

138 473 174 509 370
185 453 250 500 acina
261 454 301 510 qui
311 455 423 502 Paridem
433 454 518 501 solitus
529 456 672 503 contendere
682 459 776 515 contra,

184 522 295 578 idemque
322 522 353 569 ad
379 521 510 579 tumulum,
538 539 585 580 quo
612 524 731 574 maximus
759 524 862 574 occubui

242 591 342 647 Hector,

184 657 301 705 victorem
310 658 392 706 Buten
401 657 502 705 immani
511 673 618 716 corpore,
628 659 668 715 qui
678 675 704 708 ee

185 725 304 782 Bebrycia
314 725 413 776 veniens
423 727 510 782 Amyci
519 727 549 774 de
558 729 632 783 gente
641 728 744 786 ferebam

185 793 289 850 perculii
299 795 325 841 ei
334 793 404 840 fulva
412 795 584 842 moribundum
594 796 704 843 extendit
713 798 813 844 harena.

185 862 251 910 Talia
262 863 341 918 prima
351 862 430 909 Dares
440 864 514 918 capui
524 862 603 909 elium
612 863 638 909 in
648 864 740 921 proelia
749 865 824 922 iouia,

185 930 338 986 osiandiique
347 945 443 978 umeros
451 931 515 978 laios
525 930 668 988 alternaque
677 933 755 980 iaciat

184 998 298 1046 bracchia
308 998 456 1054 protendens
466 1000 491 1046 ei
500 999 614 1048 verberat
624 1000 711 1047 ictibus
721 1015 803 1048 auras.

186 1067 382 1124 Quaeriiurhuic
388 1067 449 1115 elius
458 1087 464 1124 ς
474 1082 519 1115 nec
528 1069 653 1124 quisquam
660 1082 688 1114 ex
695 1069 867 1125 agmineianio

186 1136 261 1183 audet
271 1135 337 1182 adire
346 1135 427 1182 virum
437 1135 593 1192 manibusque
602 1136 716 1184 inducere
725 1139 830 1185 caesius.

140 1218 177 1266 380
188 1204 255 1261 argo
264 1204 352 1252 alacris
361 1205 507 1260 cuncicaque
517 1206 608 1260 putans
618 1205 732 1253 excedere
741 1205 824 1261 palma

187 1272 285 1320 Aeneae
295 1273 365 1320 sterit
374 1273 431 1320 anie
441 1273 521 1330 pedes,
531 1288 576 1320 nec
585 1272 658 1329 plura
667 1275 778 1321 moratur

188 1343 243 1388 ium
252 1341 321 1389 laeva
330 1343 429 1388 taurum
435 1355 510 1389 cornu
519 1343 587 1388 ienei
597 1343 671 1397 atque
680 1341 717 1388 ita
726 1341 810 1388 fatur:

189 1410 268 1458 ‘Nate
279 1410 332 1468 dea,
343 1410 444 1457 sinemo
454 1410 528 1456 audet
538 1425 563 1457 ae
574 1410 671 1457 credere
681 1425 786 1468 pugnae,

188 1493 249 1534 quae
259 1479 313 1526 finis
324 1478 421 1526 standi?
434 1492 528 1535 quomo
538 1479 607 1526 decet
617 1494 693 1534 usque
700 1479 795 1527 teneri?

189 1547 284 1594 Ducere
294 1547 357 1594 dona
365 1547 437 1595 iube!
468 1546 558 1596 Cuncti
567 1546 640 1594 simul
651 1562 692 1594 ore
702 1545 841 1594 ftemebant

189 1614 345 1663 Dardanidae
353 1616 467 1671 reddique
476 1615 529 1662 viro
538 1614 656 1670 premissa
664 1615 788 1661 iubebani.

189 1683 237 1729 Hic
246 1683 327 1739 gravis
338 1683 463 1731 Entellum
473 1683 545 1730 dictis
554 1683 660 1739 casiigai
669 1683 779 1739 Acestes,

189 1750 312 1806 proximus
322 1752 351 1797 ui
360 1752 481 1799 viridanie
490 1753 545 1799 iore
554 1752 696 1799 consederai
705 1751 794 1798 herbae
803 1771 809 1797 :

190 1819 197 1840 ‘
209 1818 306 1865 Entello
315 1818 416 1866 heroum
426 1820 546 1875 quondam
556 1820 688 1868 fortissime
696 1819 799 1877 irmira,

142 1907 179 1945 390
189 1889 291 1935 tautane
300 1889 352 1934 tam
362 1887 457 1944 pauens
466 1889 534 1935 nullo
543 1889 674 1936 certamine
684 1889 738 1935 tolli

190 1958 253 2004 dona
263 1956 343 2003 aines?
370 1956 412 2002 ubi
421 1971 486 2002 nunc
496 1957 564 2003 nobis
574 1957 633 2004 dena
643 1956 684 2003 iile
692 1955 809 2013 magister

189 2025 334 2083 nequiquam
344 2026 491 2073 memoratus
501 2027 584 2082 Eryx?
597 2025 638 2072 ubi
648 2025 715 2072 fama
724 2040 871 2082 peromnem

191 2095 343 2143 Trinacriam
353 2097 379 2143 ei
389 2093 465 2150 spolia
473 2094 516 2141 illa
525 2094 574 2141 iuis
584 2095 715 2151 pendentia
723 2094 795 2141 deciis
801 2095 824 2140 Γ

190 2165 236 2212 Ille
247 2164 291 2212 sub
301 2164 374 2211 haec:
390 2163 395 2184 ‘
405 2164 461 2211 Non
471 2162 550 2210 laudis
559 2178 628 2210 amor
637 2179 682 2223 nec
690 2163 768 2219 gloria
778 2163 849 2210 ceseii

191 2234 262 2291 pulsa
271 2235 339 2280 metu
347 2252 353 2290 ;
368 2231 409 2280 aed
418 2232 482 2279 euim
491 2233 585 2289 gelidus
596 2232 709 2278 tardanie
719 2232 817 2278 senecia

191 2302 290 2359 sanguis
299 2301 380 2357 hebei,
390 2300 527 2356 frigentque
537 2301 624 2347 effetae
632 2299 659 2345 in
669 2313 767 2354 corpore
776 2298 848 2345 vires.

191 2373 218 2420 Si
228 2373 296 2431 mihi,
306 2387 367 2428 quae
373 2371 493 2428 quondam
499 2370 581 2417 fuerat
588 2383 681 2424 quaque
688 2368 812 2425 improbus
819 2369 866 2416 iste

190 2442 299 2489 exaultai
309 2441 393 2498 fidene,
403 2439 424 2488 ei
432 2454 498 2488 nunc
507 2438 571 2486 foret
580 2437 624 2485 illa
633 2437 753 2495 iuventas,

240 2508 294 2558 (222
304 2509 312 2557 )
