1972 3164
493 343 642 385 BUOOLIOA.
667 344 688 382 X

217 457 241 494 50
252 441 297 489 Ibo
306 441 332 488 et
342 437 478 488 chneidioo
487 455 549 497 quae
559 441 616 488 sunt
625 438 685 487 mihi
694 439 791 488 condita
800 455 873 490 versu

253 509 362 558 carmina
371 510 474 566 pastoris
485 509 559 558 Siculi
568 509 710 558 modulabor
719 525 804 558 avena.

253 579 354 642 Certum
364 581 401 626 est
410 578 435 625 in
446 578 511 625 silvis
521 579 586 625 inter
595 578 691 634 spelaea
699 577 809 626 ferarum

252 648 325 696 malle
335 648 387 704 pati
397 647 533 702 tenerisque
542 662 607 694 meos
616 646 721 694 incidere
731 662 825 695 amores

253 716 378 764 arboribus
389 737 395 763 z
410 717 519 763 crescent
528 715 592 772 illae,
603 715 715 763 crcscetis
725 730 827 763 amores.

252 786 351 833 Interea
360 784 441 830 mixtis
450 783 562 830 lustrabo
572 783 687 830 Maenala
693 783 822 841 Nymphis,

253 855 297 900 aut
306 869 374 901 acres
384 851 490 899 venabor
499 866 579 906 apros.
607 852 664 898 Non
674 866 712 898 mc
722 851 774 898 ulla
782 851 903 900 vetabunt

252 922 347 980 frigora
356 920 500 968 Parthenios
511 920 610 967 canibus
620 919 769 968 circumdare
779 921 866 969 saltus.

253 991 307 1037 Iam
317 990 376 1037 mihi
385 1004 429 1046 per
438 1004 511 1045 rupes
520 989 602 1035 videor
611 988 724 1044 lucosque
734 990 849 1036 sonantes

252 1058 296 1116 ire,
307 1057 366 1106 libet
376 1058 470 1105 Partho
480 1059 593 1113 torquere
603 1057 711 1112 Cydonia
720 1072 797 1104 cornu

217 1133 241 1170 60
254 1127 354 1184 spicula.
375 1127 509 1182 Tamquam
517 1127 576 1173 haec
582 1126 614 1171 sit
620 1126 698 1172 nostri
704 1125 929 1184 medicinafuroiis,

253 1198 297 1242 aut
307 1196 365 1244 deus
375 1195 416 1243 ille
427 1195 496 1242 malis
506 1195 629 1241 hominum
639 1194 764 1242 mitescere
774 1194 867 1243 discatt

253 1265 306 1312 Iam
324 1279 401 1321 neque
420 1263 604 1319 Hamadryades
623 1277 708 1309 rursus
727 1277 804 1320 neque
820 1263 931 1312 carmina

308 1333 377 1380 nobis

252 1401 305 1457 ipsa
315 1401 412 1457 placent
421 1420 427 1457 ;
441 1400 508 1456 ipsae
517 1414 602 1446 rursus
613 1398 735 1446 concedite
745 1397 828 1446 silvae.

253 1469 310 1516 Non
318 1469 388 1516 illum
397 1468 476 1516 nostri
485 1468 587 1524 possunt
596 1469 692 1514 mutare
703 1466 798 1514 labores
809 1487 815 1513 ε

253 1553 298 1585 nec
309 1538 329 1584 si
338 1537 468 1596 frigoribus
479 1536 563 1584 mediis
571 1536 728 1591 Hebrumque
737 1535 858 1592 bibamus,
943 1580 949 1590 ,

255 1606 423 1662 Sithoniasque
433 1606 500 1652 nives
510 1604 595 1651 hiemis
605 1603 733 1651 subeamus
743 1617 856 1661 aquosae,

254 1689 298 1720 nec
308 1674 336 1730 si,
347 1689 403 1721 oum
412 1673 517 1720 moriens
527 1672 579 1718 alta
587 1671 649 1719 liber
658 1673 712 1718 aret
719 1672 746 1718 in
755 1671 830 1727 ulmo,

253 1740 402 1797 Aethiopum
412 1755 533 1787 versemus
543 1755 599 1786 oves
610 1739 654 1787 sub
665 1739 742 1787 sidera
752 1738 848 1787 Oancri.

255 1809 343 1856 Omnia
353 1808 429 1856 vincit
439 1808 529 1855 Amor:
545 1809 570 1854 et
579 1823 623 1855 nos
633 1808 746 1855 cadamus
755 1804 859 1854 Amori!

218 1897 243 1934 70
282 1877 350 1924 Haec
360 1878 399 1923 sat
409 1877 464 1933 erit,
475 1876 552 1933 divae,
562 1883 671 1924 vestrum
682 1875 795 1923 cecinisse
804 1875 911 1932 poetam,

254 1946 312 1993 dum
322 1945 389 1992 sedet
399 1946 424 1993 et
433 1945 518 2002 gracili
527 1945 643 1992 fiscellam
652 1944 714 1991 texit
723 1943 822 2001 hibisco,

253 2014 377 2060 Pierides:
392 2028 434 2060 vos
445 2013 505 2060 haec
513 2013 608 2061 facietis
622 2012 728 2060 maxima
737 2011 816 2068 Gallo,

254 2081 337 2139 Gallo,
344 2082 412 2129 cuius
422 2097 491 2128 amor
500 2083 598 2128 tantum
607 2081 667 2129 mihi
677 2081 763 2128 crescit
772 2080 798 2126 in
807 2079 891 2138 horas,

254 2152 373 2207 qnantum
382 2165 439 2197 vere
448 2165 511 2197 novo
520 2150 605 2196 viridis
615 2165 640 2196 se
650 2150 746 2197 subiicit
756 2149 835 2195 alnus.

256 2220 390 2276 Surgamus
403 2240 408 2266 z
425 2219 485 2266 solet
495 2234 546 2266 esse
554 2219 636 2275 gravis
647 2218 802 2265 cantantibus
812 2217 910 2276 umbra,

254 2287 358 2343 iuniperi
367 2288 447 2344 gravis
457 2287 551 2344 umbra,
562 2289 650 2334 nocent
659 2289 684 2333 et
693 2286 804 2343 frugibus
814 2285 925 2334 umbrae.

255 2358 294 2404 Ite
303 2356 400 2404 domum
411 2358 517 2413 saturae,
528 2356 595 2403 venit
605 2356 738 2413 Hesperus,
749 2355 782 2403 ite
792 2353 910 2410 capellae.
