1972 3164
425 325 448 364 P.
461 325 722 368 vulcamlsaaoms

234 421 305 479 signa
323 421 422 469 dabant.
451 422 568 479 Quotiens
588 423 720 480 Cyclopum
744 423 863 472 effervere
885 423 913 472 in

234 558 338 606 vidimus
346 559 480 607 undantem
489 559 569 615 ruptis
579 559 718 607 fornacibus
727 560 843 618 Aetnam,

235 627 433 684 flammarumque
443 628 526 686 globos
535 627 713 684 liquefactam
721 629 818 676 volvere
828 631 905 678 saxal

235 697 367 745 Armorum
377 698 482 745 sonitum
492 699 545 744 toto
555 697 687 744 Germania
696 697 763 746 caelo

236 765 321 822 audiit,
331 766 434 812 insolitis
444 767 599 812 tremuerunt
608 766 714 813 motibus
724 766 809 822 Alpes.

235 833 290 881 Vox
299 849 391 890 quoque
402 849 446 889 per
455 834 521 881 lucos
530 833 604 889 vulgo
613 834 728 881 exauditu
737 834 837 882 silentes

234 901 329 959 ingens,
340 904 365 949 et
375 903 505 950 simulacra
514 902 591 949 modis
601 902 719 958 pallentia
727 903 796 950 miris

235 970 288 1018 visa
297 971 341 1018 sub
351 971 479 1019 obscurum
489 970 575 1027 noctis,
585 971 734 1026 pecudesque
744 971 842 1020 locutae

235 1037 377 1085 infandum!
393 1039 483 1086 sistunt
493 1053 576 1085 amnes
586 1039 714 1094 terraeque
725 1039 862 1096 debiscunt,

189 1113 226 1161 480
237 1108 262 1154 et
272 1110 391 1154 maestum
397 1107 527 1155 illacrimat
533 1107 630 1163 templis
634 1107 695 1154 ebur
700 1122 803 1163 aeraque
810 1109 912 1157 sudant.

237 1175 331 1222 Proluit
340 1175 425 1223 insano
435 1178 594 1231 contorquens
605 1175 695 1223 vertice
705 1176 777 1222 silvas

237 1243 363 1290 fluviorum
373 1260 417 1291 rex
426 1244 557 1301 Eridanus,
569 1259 712 1300 camposque
722 1259 766 1299 per
776 1260 860 1294 omnes

236 1327 291 1359 cum
301 1312 402 1359 stabulis
413 1314 525 1360 armenta
534 1311 600 1359 tulit.
629 1313 682 1360 Nec
691 1314 800 1368 tempore
810 1316 900 1364 eodem

236 1380 346 1428 tristibus
357 1383 400 1428 aut
410 1381 472 1429 extis
482 1381 558 1428 fibrae
568 1396 685 1437 apparere
696 1381 802 1430 minaces

236 1452 280 1497 aut
290 1451 369 1506 puteis
379 1465 478 1498 manare
489 1465 560 1497 cruor
570 1449 681 1506 cessavit,
692 1451 717 1497 et
727 1449 792 1498 altae

236 1534 280 1575 per
289 1522 385 1568 noctem
394 1534 507 1567 resonare
517 1518 580 1574 lupis
590 1517 741 1566 ululantibus
750 1519 831 1567 urbes.

237 1587 293 1635 Non
303 1589 363 1636 alias
373 1589 439 1636 caelo
449 1587 587 1635 ceciderunt
596 1588 669 1644 plura
678 1603 763 1635 sereno

236 1655 343 1714 fulgura,
354 1672 399 1704 nec
408 1657 455 1703 diri
465 1656 555 1703 totiens
565 1671 647 1704 arsere
657 1659 773 1704 cometae.

237 1725 303 1780 Ergo
312 1725 377 1772 inter
387 1739 438 1771 sese
448 1724 546 1780 paribus
557 1739 699 1772 concurrere
708 1725 764 1771 telis

188 1811 226 1849 490
237 1791 358 1838 Romanas
368 1791 431 1839 acies
440 1791 530 1838 iterum
539 1792 621 1840 videre
631 1793 752 1849 Philippi;

236 1874 281 1907 nec
290 1859 337 1906 fuit
347 1860 473 1916 indignum
483 1862 584 1919 superis,
595 1862 631 1909 bis
641 1862 758 1919 sanguine
768 1862 854 1909 nostro

236 1928 375 1976 Emathiam
386 1929 483 1976 ablatos
493 1930 583 1977 Haemi
593 1931 750 1987 pinguescere
760 1946 866 1986 campos.

236 1997 332 2045 Scilicet
341 1998 367 2043 et
376 1999 472 2052 tempus
482 1998 571 2055 veniet,
583 2014 638 2047 cum
648 1998 735 2045 finibus
744 1998 792 2044 illis

235 2061 341 2119 agricola
350 2062 451 2110 incurvo
459 2064 551 2110 terram
561 2063 659 2110 molitus
670 2065 753 2111 aratro

235 2145 307 2178 exesa
315 2130 423 2178 inveniet
432 2132 519 2179 scabra
528 2131 637 2190 robigine
647 2132 704 2189 pila,

235 2200 399 2258 subgravibus
409 2200 497 2247 rastris
507 2200 589 2257 galeas
599 2200 705 2256 pulsabit
715 2200 807 2256 inanes,

235 2269 382 2328 grandiaque
393 2269 485 2316 effossis
494 2269 624 2315 mirabitur
633 2284 688 2316 ossa
697 2268 821 2324 sepulcris.

236 2338 269 2386 Di
279 2338 360 2395 patrii,
371 2338 502 2394 Indigetes,
513 2339 539 2384 et
548 2337 650 2384 Romule
660 2337 783 2392 Vestaque
793 2339 881 2393 mater,

235 2423 296 2463 quae
307 2407 412 2454 Tuscum
423 2407 528 2453 Tiberim
538 2407 563 2453 et
573 2407 684 2453 Romana
694 2404 792 2453 Palatia
801 2420 893 2462 serves,

189 2495 225 2532 500
235 2475 300 2523 hunc
310 2476 396 2523 saltem
407 2491 490 2522 everso
499 2475 611 2522 iuvenem
621 2489 762 2522 succurrere
772 2473 852 2521 saeclo

235 2558 266 2589 ne
276 2545 408 2598 prohibete.
438 2545 502 2591 Satis
512 2544 560 2590 iam
570 2543 664 2598 pridem
674 2543 792 2599 sauguine
800 2544 886 2590 nostro

235 2611 426 2727 Laomedonteae
436 2613 524 2660 luimus
535 2611 641 2668 periuria
650 2611 744 2669 lboiee,

301 2691 324 2727 54
