1972 3164
460 173 483 213 P.
496 173 616 213 VERGILI
628 174 756 215 MARONIS

270 267 334 327 quod
343 282 472 325 numquam
485 268 556 316 veriti
566 285 657 327 sumus,
669 271 698 317 ut
708 285 830 326 possessor
839 272 914 330 apelli

271 339 360 387 diceret
371 338 444 386 ‘haec
453 354 507 385 mea
517 340 589 396 sunt;
603 341 698 387 veteres
707 339 813 398 migrate
822 341 921 389 coloni.’

271 408 345 456 Nunc
353 407 412 455 victi
421 407 513 465 tristes,
523 408 637 463 quoniam
647 407 709 456 Fors
718 407 800 456 omnia
808 411 902 468 versat,

270 477 314 525 hos
324 477 360 523 illi
370 476 442 534 (quod
451 491 496 524 nec
506 477 587 523 vertat
597 476 666 533 bene)
676 476 796 524 mittimus
805 477 906 526 haedos.

299 547 329 594 L.
358 546 429 594 Certe
442 545 552 601 equidem
565 546 698 603 audieram,
712 561 760 602 qua
774 561 800 594 se
813 546 951 596 subducere

328 614 399 662 colles
944 621 950 640 “·

271 684 391 740 incipiunt
401 683 512 738 mollique
521 681 605 740 iugum
617 683 743 731 demittere
754 683 824 741 clivo,

271 768 347 808 usquo
363 751 393 798 od
412 767 500 807 seuam
515 754 540 798 et
554 753 648 799 veteres
662 752 711 799 iam
724 752 807 799 fracta
822 753 953 802 cacumina

327 821 397 877 fagos

236 905 260 932 10
272 889 354 937 omnia
363 888 509 936 nominibus
518 889 626 936 vestrum
636 903 744 938 servasse
753 889 893 939 Menalcan.

300 957 336 1005 M.
365 957 496 1004 Audieras:
511 959 536 1004 et
543 957 610 1004 fama
617 957 666 1004 fuit
671 977 677 1015 ;
689 958 843 1006 sedcarrnina
849 960 952 1006 tantum

271 1030 355 1075 nostra
364 1026 455 1082 valent,
466 1025 565 1082 Lycide,
575 1025 626 1073 tela
637 1026 704 1074 inter
716 1027 817 1084 Martia,
829 1028 952 1083 qnantum

272 1094 391 1144 Chaonias
402 1094 485 1141 dicunt
495 1092 576 1150 aquila
585 1095 697 1143 veniente
707 1095 839 1143 columbas.
948 1115 952 1120 ⁴

273 1163 342 1221 Quod
352 1163 398 1210 nisi
407 1177 445 1209 me
455 1177 604 1218 quacumque
613 1178 689 1210 novas
698 1163 804 1211 incidere
813 1163 870 1211 lites

273 1233 331 1280 ante
341 1231 440 1279 sinistra
450 1246 510 1278 cava
519 1231 651 1278 monuisset
661 1231 692 1278 eb
701 1231 756 1279 ilice
765 1232 859 1288 cornix,

273 1316 318 1348 nee
327 1301 385 1346 tuus
394 1299 434 1347 hic
443 1299 534 1346 Moeris
544 1314 588 1346 nec
597 1299 690 1347 viveret
700 1301 751 1356 ipse
761 1299 895 1347 Menalcas.

301 1370 330 1417 L.
360 1367 781 1425 Heu‚eaditinquemquamtantum
789 1366 950 1425 scelustheu,

328 1440 373 1485 tua
382 1438 449 1484 nobis

273 1521 349 1564 paene
359 1506 431 1553 simul
440 1506 521 1552 tecum
532 1505 620 1552 solatia
629 1507 710 1563 rapta,
724 1505 853 1553 Menalca?

273 1575 333 1631 Quis
343 1575 441 1621 caneret
451 1572 595 1629 Nymphas?
624 1574 683 1630 Quis
696 1574 798 1620 humum
808 1573 951 1622 florentibus

329 1642 409 1691 herbis

236 1733 261 1758 20
273 1711 407 1769 spargeret,
419 1712 462 1758 aut
471 1709 542 1757 viridi
552 1710 632 1758 fontes
642 1711 767 1759 induceret
776 1711 880 1758 umbra?

273 1781 320 1829 Vel
329 1795 389 1836 quae
399 1778 493 1838 sublegi
501 1779 591 1826 tacitus
603 1779 649 1826 tibi
659 1780 767 1827 carmina
776 1794 863 1835 nuper,

273 1866 328 1898 cum
337 1851 363 1897 te
373 1849 404 1896 sd
414 1849 510 1895 delicias
520 1848 596 1895 ferres
605 1847 757 1904 Amaryllida
766 1848 862 1894 nostras
871 1865 877 1894 ε

274 1919 379 1975 ‘Tityre
388 1918 446 1965 dum
455 1917 526 1964 redeo
537 1916 625 1973 (brevis
635 1917 672 1963 est
682 1915 730 1971 via)
741 1931 812 1971 pasce
821 1914 936 1971 capellas,

273 1989 298 2034 ct
308 1988 392 2042 potum
402 1987 484 2041 pastas
495 2000 547 2042 age,
559 1985 652 2041 Tityre,
663 1985 689 2031 et
698 1984 763 2030 inter
773 1983 894 2040 agendum

273 2069 399 2102 occursare
410 2069 490 2110 capro,
501 2068 577 2100 cornu
585 2052 643 2099 ferit
653 2052 702 2108 ille,
713 2051 814 2099 caveto!

299 2123 335 2169 M.
363 2123 441 2169 Immo
458 2123 526 2179 haec,
547 2136 608 2176 quae
630 2121 697 2167 Varo
718 2120 821 2167 necdum
840 2117 951 2174 perfecta

329 2191 445 2238 canebat:

274 2260 362 2317 ‘Vara
372 2261 443 2307 tuum
453 2273 548 2315 nomen,
559 2259 656 2313 superet
666 2256 738 2303 modo
747 2255 853 2302 Mantua
861 2253 940 2310 nobis,

273 2328 379 2376 Mantua
388 2342 432 2375 vae
442 2327 543 2373 miserae
552 2325 655 2372 nimium
665 2324 746 2371 vicina
755 2323 896 2378 Cremonae,

274 2397 400 2442 cantantes
411 2394 511 2442 sublime
520 2394 600 2440 serent
609 2392 641 2439 ad
651 2393 730 2439 sidera
740 2389 825 2448 cycni!

238 2491 263 2530 ³0
302 2463 331 2580 Li
361 2463 455 2580 t3)ictua
464 2463 570 2519 Cyrneas
582 2458 801 2516 fngiantexamina
809 2459 889 2513 taxos,

340 2544 363 2580 34
