1972 3164
370 341 392 379 P.
406 340 526 381 VERGILI
538 342 667 384 MARONIS

178 435 285 492 impositi
294 436 374 494 dorso,
385 438 457 494 atqfle
467 439 576 494 equitem
586 440 686 487 docuere
696 439 741 487 sub
750 440 825 488 ermis

179 504 296 553 insultare
307 506 358 553 solo
367 508 392 552 et
402 522 499 562 gressus
512 507 650 563 glomerare
661 509 784 564 superbos.

180 574 278 630 Aequus
287 577 389 631 uterque
402 576 479 633 labor,
491 592 565 631 aeque
575 577 731 632 iuvenemque
741 580 855 634 magistri

180 644 310 698 exquirunt
320 644 471 699 calidumque
481 645 568 691 animis
579 646 604 692 et
614 645 723 692 cursibus
737 661 833 698 acrem:

132 726 168 752 120
180 712 289 767 quemvis
301 727 371 767 saepe
382 712 442 768 fuga
451 727 532 760 versos
541 713 581 760 ille
591 713 667 769 egerit
677 714 766 771 hostes,

180 781 205 826 et
215 780 319 835 putrium
330 780 434 835 Epirum
443 781 535 827 referet
545 780 667 837 fortesque
681 782 807 840 Mycenes,

179 847 335 903 Neptunique
344 849 398 904 ipsa
406 849 509 896 deducet
519 849 611 905 origine
620 851 726 906 gentem.

208 916 254 962 His
264 916 437 963 animadversis
446 916 541 963 instant
551 917 596 963 sub
606 919 710 976 tempus,
721 920 746 965 et
756 934 841 966 omnes

178 984 324 1040 impendunt
335 1000 405 1032 eures
416 986 489 1032 denso
499 985 633 1033 distendere
643 985 728 1042 pingui

179 1069 250 1109 quem
260 1052 340 1110 legere
351 1054 436 1100 ducem
447 1055 472 1099 et
482 1053 563 1109 pecori
573 1053 653 1101 dixere
663 1054 794 1112 moritum

178 1121 338 1177 florentesque
349 1124 433 1169 secent
443 1121 530 1168 herbas
540 1121 670 1177 fluviosque
680 1122 824 1170 ministrent

178 1189 299 1246 farreque,
315 1205 345 1236 ne
355 1190 444 1236 blundo
453 1191 557 1245 nequeat
567 1204 691 1245 superesse
701 1189 783 1236 labori

179 1257 326 1312 invalidique
336 1259 434 1313 petrum
444 1258 553 1305 referant
563 1258 651 1305 ieiunia
660 1258 721 1305 nati.

178 1326 236 1381 Ipso
245 1327 326 1373 eutem
337 1326 412 1373 macie
421 1328 526 1374 tenuent
536 1328 648 1373 armentu
655 1327 773 1384 volentes,

130 1414 166 1450 130
178 1395 250 1451 atque
259 1395 301 1441 ubi
310 1395 451 1442 concubitus
461 1395 550 1450 primos
560 1395 609 1441 iam
618 1397 678 1442 nota
687 1395 801 1451 voluptas

178 1464 299 1521 sollicitet,
309 1464 452 1519 frondesque
466 1465 556 1520 negent
566 1465 591 1510 et
601 1463 709 1510 fontibus
719 1466 812 1511 arcent.

177 1533 253 1589 Saepe
263 1534 336 1580 etiem
346 1549 420 1581 cursu
429 1533 544 1588 quatiunt
554 1535 579 1579 et
590 1532 638 1579 sole
648 1533 771 1589 fatigant3

176 1617 231 1648 cum
241 1603 349 1659 graviter
358 1602 436 1649 tunsis
446 1602 521 1658 gemit
531 1617 588 1648 aree
596 1601 718 1658 frugibus,
728 1603 754 1648 et
765 1617 821 1649 oum

177 1673 318 1727 surgentem
328 1672 360 1718 ad
371 1671 508 1726 Zephyrum
518 1671 601 1726 puleee
611 1670 735 1717 iactentur
748 1669 842 1718 inanes.

176 1738 230 1785 Hoc
239 1737 342 1795 iaciunt,
354 1738 429 1786 nimio
439 1753 469 1786 ne
479 1739 540 1785 luxu
549 1737 674 1785 obtunsior
683 1753 741 1784 usus

175 1806 207 1853 sit
217 1807 317 1864 genitali
327 1822 385 1854 ervo
395 1809 420 1854 et
430 1807 508 1854 sulcos
518 1807 618 1854 oblimet
627 1806 725 1864 inertes,

175 1874 217 1920 sed
226 1875 306 1930 rapiat
316 1875 399 1923 sitiens
409 1876 528 1924 Venerem
539 1875 687 1930 interiusque
696 1875 820 1923 recondet.

203 1942 298 1990 Rursus
308 1959 366 1991 euru
372 1948 472 1999 petrum
481 1944 566 1991 eadere
576 1944 601 1990 et
609 1943 736 1990 succedere
746 1946 854 1991 matram

174 2011 266 2067 incipit.
297 2012 397 2058 Exactis
411 2013 525 2068 gravidae
536 2027 591 2058 cum
601 2011 723 2058 mensibus
733 2014 827 2067 errant.

127 2095 163 2131 140
174 2094 223 2126 nou
232 2079 286 2126 illus
296 2081 411 2136 gravibus
421 2080 545 2135 quisquam
556 2080 613 2135 iuge
623 2080 709 2126 ducere
719 2080 844 2137 plaustris,

174 2163 223 2194 non
233 2147 298 2193 saltu
308 2163 422 2205 superare
432 2147 496 2194 viam
506 2147 540 2193 sit
550 2161 635 2203 passus
645 2148 671 2193 et
680 2146 731 2193 ocri

174 2231 272 2271 carpere
282 2219 355 2272 prate
364 2217 424 2273 fuge
433 2216 565 2271 fluviosque
575 2216 661 2262 innare
670 2230 779 2276 rapaces.

174 2283 281 2331 Saltibus
291 2284 316 2331 in
325 2285 408 2332 vacuis
418 2287 522 2340 pascunt
532 2287 557 2332 et
567 2284 639 2340 pleno
649 2285 782 2331 secundum

173 2353 282 2411 flumine,
293 2369 389 2401 muscus
400 2353 442 2399 ubi
451 2353 477 2400 et
486 2353 633 2399 viridissime
641 2353 751 2408 gramine
761 2353 822 2407 ripe,

172 2424 347 2478 speluncaeque
356 2424 443 2478 tegant
453 2424 477 2467 et
488 2436 561 2468 saxee
570 2421 688 2477 procubet
697 2421 793 2467 umbra.

173 2490 219 2537 Est
229 2491 295 2538 lucos
306 2491 377 2538 Sileri
387 2490 451 2536 circo
460 2489 599 2544 ilicibusque
610 2489 728 2536 virentem

172 2559 291 2614 plurimus
301 2558 439 2605 Alburnum
448 2556 562 2613 volitans,
574 2557 614 2604 cui
623 2572 710 2603 nomen
720 2557 780 2604 osilo

172 2626 310 2674 Romanum
316 2628 362 2683 cst,
373 2627 479 2674 oestrum
490 2625 558 2672 Graii
567 2625 662 2672 vortere
672 2627 796 2681 vocantes,

220 2695 278 2743 (78)
