1972 3164
351 156 374 196 P.
388 156 507 197 venem
519 156 649 198 MARONIS

161 255 215 298 tum
224 267 296 299 cruor
304 253 330 300 et
339 253 423 301 vulsae
432 253 550 301 labuntur
558 254 590 301 ab
599 253 701 302 aethere
711 255 818 311 plumae.

189 320 224 367 nt
233 335 284 368 non
292 320 353 369 haec
360 321 434 369 nullis
444 322 569 370 hominum
578 323 647 371 sator
656 325 732 379 etque
742 325 842 372 deorum

161 388 289 437 observans
299 389 374 438 oculis
384 404 477 438 summo
487 390 554 437 sedet
561 390 628 438 altus
639 391 761 448 Olympo:

162 458 314 514 Thrrhenum
324 457 427 505 Genitor
437 458 587 506 Tarchonem
596 458 623 505 in
633 459 727 515 proelia
736 475 811 508 saeva

162 527 264 574 suscitem
273 528 298 573 et
308 525 412 573 stimulis
422 526 488 573 haud
498 526 610 574 mollibus
620 526 710 575 incitat
719 527 779 576 iras.

163 593 231 651 Ergo
239 594 304 642 inter
313 594 397 642 caedes
407 594 564 650 cedentiaque
573 595 674 652 agmina
684 595 799 645 Tarchon

115 676 153 714 730
162 662 243 710 terrm
252 676 312 718 equo
321 662 440 718 variisque
447 662 550 719 instigat
559 662 659 710 vocibus
670 663 733 721 elas,

162 731 258 779 nomine
264 745 380 788 quemque
385 745 482 788 rocam,
488 731 643 787 reficitquein
649 732 745 787 proelia
751 732 838 789 pulsos.

163 799 169 821 ‘
178 799 237 856 Quis
246 802 355 855 metus,o
364 813 496 855 numquam
505 798 614 856 dolituri,
621 814 636 846 o
642 814 740 856 semper
749 800 837 848 inertes

162 868 290 924 Tyrrheni,
301 882 361 923 quae
370 868 443 915 teuta
452 867 539 914 animis
548 867 647 924 ignavia
656 869 725 916 venit
735 871 746 916 t

161 935 253 983 lemine
261 935 373 991 palantes
383 935 436 994 agit
445 937 517 991 atque
526 934 586 982 haec
596 935 697 992 agmina
705 936 783 984 vertit
792 940 797 984 l

162 1004 216 1062 Quo
223 1004 315 1051 terrum
322 1004 408 1059 quidve
414 1003 475 1051 haec
482 1002 589 1060 gerimus
598 1003 649 1050 tela
654 1003 727 1050 irrita
735 1003 839 1052 dextris?

161 1074 206 1130 At,
216 1089 264 1120 uon
273 1073 299 1120 in
309 1073 429 1120 Venerem
438 1087 523 1128 segnes
533 1073 702 1128 nocturnaque
711 1071 786 1132 bella,

161 1144 206 1188 eut
215 1141 257 1188 nbi
267 1156 342 1188 curva
352 1141 436 1189 choros
446 1140 534 1187 indixit
541 1139 603 1186 tibia
612 1139 713 1198 Bacchi,

162 1211 301 1266 exspectare
310 1209 384 1265 dapes
394 1210 420 1256 et
429 1208 514 1265 plenae
524 1207 612 1264 pocula
620 1223 721 1257 mensae

163 1278 211 1334 (hic
233 1293 308 1335 amor,
328 1278 374 1325 hoc
396 1277 522 1333 studium),
544 1277 603 1324 dum
626 1291 699 1325 secra
723 1277 839 1326 secundus

219 1346 341 1402 haruspex

114 1430 152 1467 74⁰
163 1415 261 1462 nuntiet
270 1430 299 1462 ao
308 1414 374 1462 luoos
384 1415 454 1462 vocet
462 1413 543 1461 hostia
553 1412 650 1470 pinguis
660 1412 687 1460 in
696 1412 762 1461 altos
771 1413 790 1460 l'

164 1484 232 1531 Haeo
242 1484 332 1531 effatus
342 1498 430 1538 equum
439 1483 466 1529 in
475 1481 573 1539 medios,
583 1482 720 1528 moriturus
730 1481 824 1538 etipse,

163 1553 269 1600 concitat
278 1553 303 1598 et
313 1551 408 1599 Venulo
417 1551 545 1598 adversum
555 1565 581 1597 se
589 1550 705 1598 turbidus
714 1550 800 1608 infert,

163 1621 335 1676 dereptumque
345 1620 376 1666 ab
386 1635 446 1676 equo
455 1621 543 1668 dextra
553 1618 725 1674 complectitur
734 1619 829 1666 hostem

162 1689 188 1735 et
197 1688 316 1744 gremium
326 1690 383 1734 ante
393 1703 464 1734 suum
474 1688 553 1735 multa
561 1687 586 1733 vi
594 1688 703 1735 concitus
714 1687 806 1736 aufert.

163 1755 267 1803 Tollitur
276 1755 302 1800 in
312 1754 406 1801 caelum
416 1755 514 1812 clamor,
526 1754 654 1810 cunctique
664 1754 750 1802 Latini

163 1825 302 1871 convertere
312 1822 401 1869 oculos.
431 1822 506 1869 Volat
516 1823 601 1880 igneus
611 1838 714 1878 aequore
725 1822 837 1870 Tarchon

163 1907 231 1938 arma
237 1891 362 1945 virumque
372 1890 452 1937 ferens
458 1910 464 1946 ;
477 1893 532 1937 tum
539 1907 634 1938 summa
642 1890 720 1946 ipsius
731 1892 762 1939 ab
771 1893 843 1939 hasta

163 1960 280 2018 defringit
289 1960 383 2006 ferrum
393 1961 419 2007 et
428 1961 511 2014 partes
521 1961 626 2007 rimatur
635 1962 744 2016 apertas,

163 2046 211 2086 qua
221 2030 308 2077 vulnus
317 2028 389 2076 letale
399 2028 463 2075 ferat
472 2048 478 2084 ;
493 2031 580 2076 contra
589 2029 629 2075 ille
639 2043 782 2084 repugnans

115 2115 152 2153 7⁵0
164 2099 268 2146 sustinet
278 2097 384 2154 cingulo
394 2098 505 2144 dextram
515 2099 541 2143 et
551 2097 600 2143 vim
609 2097 701 2142 viribus
712 2096 771 2142 exit.

164 2168 246 2224 thue
256 2167 339 2214 volans
349 2166 399 2213 alte
408 2167 508 2221 raptum
518 2181 573 2213 cum
583 2164 652 2211 fulva
661 2164 795 2211 draconem

163 2236 213 2283 fert
219 2234 467 2292 aquilaimpliouitque
472 2234 543 2288 pedes
548 2232 749 2288 atqueunguibus
754 2233 820 2280 haes³

163 2305 259 2352 saucius
269 2307 296 2352 at
306 2318 403 2359 serpens
413 2303 509 2349 sinuosa
518 2301 641 2347 volumina
650 2304 742 2358 versat,

163 2374 311 2428 arrectisque
321 2373 404 2420 horret
415 2370 520 2427 squamis
530 2372 554 2416 et
565 2368 646 2416 sibilat
656 2384 706 2426 oro,

333 2465 369 2498 738.
389 2461 580 2502 ‘exspectate'oodd.
590 2461 664 2501 optimi.

215 2516 224 2562 (
233 2519 267 2566 398
276 2516 285 2564 )
