1972 3164
312 165 422 205 AENEIS.
449 168 471 206 II

56 272 87 304 aa
96 257 172 306 veluti
182 263 282 308 summis
291 263 416 318 antiquam
426 264 452 310 in
462 265 585 313 montibus
597 283 684 317 ornum

57 341 112 373 cum
120 327 185 376 ferro
194 329 296 377 accisam
306 331 440 387 crebrisque
451 333 593 388 bipennibus
603 336 697 383 instant

56 410 139 443 eruere
149 398 268 455 agricolae
279 399 398 457 certatim,
409 401 451 448 illa
460 417 535 457 usque
544 403 653 450 minatur

56 465 83 511 et
92 467 237 515 tremefacta
246 483 337 514 comam
348 484 462 516 concusso
472 471 562 518 vertice
572 474 653 528 nutat,

10 540 45 588 530
55 536 195 585 vulneribus
205 537 279 583 donec
289 536 406 592 paulatim
417 538 495 584 evicta
505 554 644 594 supremum

56 605 195 662 congemuit·
205 605 326 661 traxitque
336 605 399 662 iugis
408 607 494 653 avulsa
503 607 608 656 ruinam.

57 673 191 730 Descende,
202 689 231 720 ac
240 674 343 721 ducente
353 675 397 721 deo
406 675 529 722 flammam
538 676 604 724 inter
613 679 639 724 et
650 678 732 726 hostes

56 743 170 799 expediar
179 763 184 790 ε
199 743 259 789 dant
268 741 318 789 tela
327 743 406 789 locum
416 744 572 800 flammaeque
581 746 706 793 recedunt.

83 811 180 866 ‘Atque
198 810 240 856 ubi
258 810 307 856 iam
327 811 420 865 patriae
437 814 580 867 perventum
598 814 630 860 ud
646 813 732 860 limina

112 879 174 926 sedis

56 948 214 1003 antiquasque
224 947 314 1004 domos,
324 948 427 1005 genitor,
438 963 508 1004 quem
518 949 603 995 tallere
612 948 639 994 in
649 949 711 995 altos

55 1016 170 1072 optabam
179 1016 285 1071 primum
294 1018 387 1064 montes
397 1016 548 1072 primumque
558 1015 679 1074 petebam,

54 1085 161 1142 abnegat
170 1086 249 1133 excisa
258 1086 335 1132 vitam
344 1086 473 1141 producere
483 1087 555 1132 Troia

55 1153 210 1209 exsiliumque
219 1153 279 1209 pati.
308 1153 324 1176 “
333 1155 382 1201 Vos
391 1169 414 1211 ο,
425 1154 509 1209 quibus
518 1154 613 1210 integer
622 1155 675 1201 aevi

55 1223 155 1278 sanguis
163 1223 178 1244 '’
190 1223 225 1269 ait
236 1222 251 1244 ‘⁴
259 1223 394 1278 solidaeque
402 1238 445 1270 suo
455 1224 523 1269 stant
531 1222 615 1268 robore
625 1223 697 1278 vires,

10 1301 45 1348 540
55 1305 98 1337 vos
108 1291 200 1347 agitate
209 1291 301 1348 fugam.

55 1360 98 1407 Me
107 1360 127 1406 si
137 1359 262 1407 caelicolae
271 1359 403 1406 voluissent
412 1360 498 1406 ducere
508 1359 592 1415 vitam,

54 1428 100 1474 has
110 1427 170 1474 mihi
179 1429 315 1474 servassent
324 1426 399 1474 sedes.
430 1427 494 1472 Setis
501 1442 551 1472 una
560 1441 679 1481 superque

54 1495 159 1542 vidimus
168 1495 260 1543 excidia
269 1497 294 1542 et
304 1496 389 1550 captae
399 1495 565 1549 superavimus
574 1494 637 1541 urbi.

56 1564 96 1612 Sic
105 1579 120 1611 ο
129 1564 163 1611 sic
172 1563 277 1619 positum
286 1562 357 1610 affati
366 1563 480 1610 discedite
490 1578 585 1618 corpus.

55 1633 111 1688 Ipse
121 1647 195 1679 manu
204 1634 306 1678 mortem
315 1631 436 1678 inveniam
445 1650 451 1687 ;
467 1630 619 1678 miserebitur
628 1631 705 1678 hostis

54 1700 199 1756 exuviasque
209 1702 284 1755 petet.
311 1699 400 1746 Facilis
409 1699 504 1746 iactura
513 1699 624 1754 sepulcri.

55 1770 109 1817 Iam
120 1768 212 1824 pridem
220 1767 311 1814 invisus
322 1767 383 1813 divis
393 1769 418 1814 et
427 1767 520 1813 inutilis
530 1782 606 1813 annos

55 1838 173 1893 demumr,
187 1853 217 1884 ex
229 1851 275 1892 quo
286 1851 325 1882 me
340 1835 422 1882 divum
435 1836 506 1891 pater
519 1838 591 1891 utque
602 1836 727 1903 bominum

111 1920 154 1952 rex
585 1933 589 1937 ι

54 1973 164 2021 fulminis
173 1972 263 2019 afflavit
273 1972 352 2018 ventis
362 1973 387 2018 et
397 1972 497 2028 contigit
506 1972 582 2028 igni.”

10 2049 44 2097 550
84 2042 90 2062 ‘
100 2041 169 2088 Talia
178 2040 303 2096 perstabat
312 2054 456 2096 memorans,
467 2040 575 2096 fixusque
582 2040 704 2088 manebat.

56 2111 108 2157 Nos
118 2111 203 2157 contra
211 2109 283 2156 effusi
292 2108 397 2155 lacrimis
407 2108 555 2162 coniunxque
567 2109 658 2155 &cusa

54 2178 220 2233 Ascaniusque
229 2176 352 2232 omnaque
362 2176 454 2232 domus,
465 2191 495 2222 ne
505 2178 600 2222 vertere
610 2190 690 2221 seeum

54 2248 143 2294 cuncta
152 2247 222 2302 pater
231 2245 329 2302 lateque
338 2245 436 2301 urgenti
444 2244 581 2291 incumbere
590 2243 670 2290 vellet.

54 2315 177 2373 Abnegat,
187 2315 330 2370 inceptoque
339 2315 364 2360 et
374 2313 469 2360 sedibus
478 2313 563 2359 haeret
572 2312 598 2358 in
607 2312 691 2358 isdem.

53 2384 149 2430 Rursus
158 2383 184 2430 in
193 2398 263 2430 arma
271 2382 345 2438 feror,
351 2383 500 2436 mortemque
505 2379 654 2426 miserrimus
662 2379 726 2434 opto.

53 2452 119 2499 Nam
125 2452 188 2506 quod
193 2450 318 2498 consilium
326 2451 369 2497 aut
377 2464 437 2505 quae
444 2449 492 2495 iam
500 2447 601 2494 fortuna
608 2446 728 2493 dabatur?

102 2520 172 2569 (157)
