1972 3164
464 188 561 229 CULEX

173 289 273 346 prodere
284 289 315 336 sit
326 289 424 335 dubium
433 308 438 345 ;
453 289 530 335 valuit
541 289 582 336 sed
592 290 686 338 vincere
697 291 741 338 tali

172 358 270 404 horrida
280 358 398 412 squamosi
409 357 529 404 volventia
539 357 647 404 membra
657 359 775 412 draconis,

173 428 246 480 atque
256 426 398 472 reluctantis
408 426 497 472 crebris
507 427 621 482 foedeque
632 428 736 481 petentis

172 493 260 541 ictibus
270 509 325 540 ossa
334 495 400 550 ferit,
411 495 511 549 cingunt
523 511 571 549 qua
580 496 690 549 tempora
700 495 787 542 cristae
797 515 802 551 ;

173 563 198 608 et
207 562 271 617 quod
280 564 333 609 erat
342 563 428 608 tardus
438 563 514 608 somni
524 562 640 618 languore
651 565 753 620 remoto,

172 645 217 677 nec
227 645 294 677 secus
304 631 421 686 aspiciens
431 632 504 676 timor
514 630 686 677 obcaecaverat
696 633 773 687 artus,

124 719 161 744 200
173 698 217 744 hoc
227 698 306 744 minus
316 698 426 754 inplicuit
436 698 490 744 dira
499 698 627 745 formidine
637 701 750 747 mentem.

173 782 243 821 quem
253 768 380 822 postquam
390 767 450 813 vidit
460 782 556 813 caesum
566 767 729 825 languescere,
740 769 811 815 sedit.

200 836 254 882 Iam
264 835 343 890 quatit
353 837 377 881 et
388 835 475 891 biiugis
485 835 564 882 oriens
574 835 673 882 Erebeis
683 851 755 891 equos
766 838 822 884 Nox

172 904 197 950 ct
208 903 275 959 piger
285 904 373 949 aurata
382 903 490 958 procedit
503 903 595 959 Vesper
604 903 634 950 ab
645 904 715 961 Oeta,

172 986 227 1018 cum
251 987 323 1028 grege
348 971 462 1027 conpulso
486 973 577 1028 pastor,
600 971 779 1026 duplicantibus
798 988 850 1019 um-

227 1039 285 1095 bris,

171 1107 238 1153 vadit
248 1110 273 1154 et
283 1108 308 1153 in
318 1107 393 1155 fessos
403 1109 509 1163 requiem
520 1109 577 1155 dare
588 1108 713 1161 comparat
723 1109 800 1153 artus.

171 1175 239 1222 cuius
248 1177 276 1222 ut
286 1176 388 1222 intravit
396 1176 473 1223 levior
482 1192 526 1231 per
535 1190 635 1230 corpora
645 1189 742 1221 somnus

170 1243 330 1298 languidoque
339 1245 416 1290 effuso
424 1245 564 1298 requierunt
573 1241 682 1288 membra
691 1258 782 1299 soporo,

170 1311 259 1366 effigies
269 1311 301 1356 ad
310 1325 365 1357 eum
376 1310 457 1357 culicis
468 1310 563 1357 devenit
573 1311 597 1356 et
607 1309 643 1355 illi

171 1379 249 1425 tristis
259 1379 290 1425 ab
299 1380 389 1425 eventu
399 1378 484 1425 cecinit
494 1378 600 1425 convicia
609 1379 702 1426 mortis.

122 1468 160 1494 210
172 1447 247 1503 ‘quia
257 1447 344 1503 inquit,
355 1447 446 1493 meritis
457 1447 488 1492 ad
497 1462 558 1502 quae
568 1447 662 1493 delatus
673 1447 771 1511 acerbas

172 1531 243 1572 cogor
252 1515 319 1562 adire
328 1515 405 1561 vices!
421 1516 465 1561 tua
475 1515 532 1560 dum
543 1515 602 1562 mihi
612 1515 689 1563 carior
698 1515 752 1570 ipsa

171 1584 223 1630 vita
232 1584 280 1630 fnit
289 1584 349 1639 vita,
359 1583 441 1638 rapior
450 1599 494 1638 per
503 1583 585 1629 inania
593 1584 680 1630 ventis.

170 1655 199 1699 tu
209 1653 289 1698 lentus
299 1651 393 1698 refoves
402 1651 509 1697 iucunda
518 1651 627 1698 membra
636 1652 725 1708 quiete,

170 1723 267 1776 ereptus
276 1719 363 1766 taetris
373 1734 403 1766 ex
412 1718 520 1766 cladibus
531 1738 537 1775 3
552 1721 579 1766 at
589 1735 644 1767 mea
653 1734 736 1767 manes

171 1788 262 1835 viscera
271 1788 390 1835 Lethaeas
401 1789 490 1844 cogunt
500 1788 628 1836 transnare
638 1805 682 1845 per
690 1789 784 1835 undas:

171 1857 260 1913 praeda
270 1857 387 1905 Charonis
396 1872 464 1914 agor.
494 1857 544 1904 vidi
552 1859 578 1904 et
588 1857 719 1916 flagrantia
728 1856 807 1903 taedis

170 1925 254 1972 limina
263 1946 268 1973 :
283 1925 410 1972 conlucent
419 1925 521 1972 infernis
531 1926 625 1972 moenia
634 1926 739 1981 templis.

170 1993 240 2040 obvia
250 1993 387 2050 Tisiphone,
398 1994 549 2048 serpentibus
557 1994 661 2048 undiquc
671 1994 775 2048 compta,

170 2063 195 2108 et
205 2061 314 2108 flammas
324 2063 349 2108 et
359 2077 431 2108 saeva
440 2062 519 2116 quatit
528 2061 588 2106 mihi
597 2061 705 2108 verbera.
735 2073 797 2114 pone

122 2154 160 2180 220
172 2130 291 2177 Cerberus
300 2131 325 2176 et
335 2129 393 2175 diris
403 2129 522 2175 latrantia
530 2128 631 2175 rictibus
641 2144 692 2186 ora,

171 2197 290 2254 anguibus
310 2196 365 2244 hinc
384 2198 457 2251 atque
476 2196 531 2243 hinc
550 2196 650 2243 horrent
674 2200 712 2244 oni
732 2197 794 2245 colla
812 2213 848 2243 re-

227 2266 302 2322 flexis,

171 2333 375 2390 sanguineumque
385 2332 477 2380 micant
487 2332 596 2378 ardorem
606 2331 704 2378 luminis
714 2333 790 2379 orbes.

170 2402 226 2458 heu,
237 2402 294 2456 quid
303 2401 334 2448 ab
344 2401 419 2448 officio
429 2401 536 2456 digressa
546 2402 583 2448 ost
592 2400 681 2457 gratia,
693 2416 747 2447 cum
757 2403 781 2447 te

170 2470 267 2518 restitui
277 2470 369 2526 superis
379 2469 422 2516 leti
431 2468 479 2515 iam
489 2468 571 2515 limine
580 2469 611 2515 ab
621 2469 689 2524 ipso?

219 2539 289 2588 (451)
496 2546 527 2575 1‘2
