1972 3164
309 159 419 201 AENEIS.
444 160 476 201 v1

56 268 101 311 per
110 254 210 303 (irarum
220 256 321 312 populos
330 259 468 314 mediaeque
478 275 522 316 per
616 258 618 263 ’

56 321 109 370 ibat
117 337 200 381 orans,
210 324 339 381 divumque
350 327 396 374 eibi
405 327 518 382 poscebnt
527 328 650 386 honorem,

9 402 45 441 ⁵9⁰
56 391 163 449 demens,
174 392 214 448 qui
223 392 316 440 nimbos
326 395 351 441 et
360 409 410 441 non
419 394 536 442 imitabile
546 395 640 442 fulmen

55 473 111 507 aere
121 462 147 507 et
156 461 311 516 cornipedum
321 462 394 519 pulsu
402 462 527 511 simularet
536 478 659 519 equorum.

55 528 91 575 At
100 528 177 576 Peter
185 530 335 586 omnipotens
345 531 420 578 denes
428 532 493 578 inter
502 531 586 579 nubila
595 531 673 579 telum
723 569 726 572 >

55 597 182 656 contorsit,
192 613 241 645 non
250 598 291 646 ille
300 599 366 647 faces
375 616 420 648 nec
428 600 512 648 fumea
520 601 599 648 taedis

55 666 156 722 lumine,
167 667 368 724 praecipitemque
376 669 478 716 immani
486 669 584 718 turbine
593 669 684 727 adegit.

56 735 109 783 Nec
118 750 167 782 non
176 737 201 782 et
211 736 307 794 Tityon,
316 738 406 784 Terrae
412 738 585 794 omniparentis
595 738 720 785 alumnum

56 818 154 852 cernere
163 806 225 862 eret,
236 819 280 860 per
288 807 343 852 tota
351 821 437 853 novem
446 807 485 854 oui
494 807 580 864 iugera
588 821 675 862 corpus
721 838 724 843 ,

56 873 198 931 porrigitur,
208 878 333 930 rostroque
343 874 454 922 immanis
463 876 549 922 vultur
557 875 651 922 obunco

56 941 192 990 immortale
201 943 268 991 iecur
277 944 380 990 tondens
389 943 539 1000 secundamus
549 944 631 1000 poenis
721 951 724 957 ⁴

56 1008 149 1056 viscere
156 1011 306 1067 rimaturque
316 1011 393 1066 epulis
402 1011 544 1068 habitatque
554 1012 599 1059 sub
608 1012 659 1059 olto

10 1084 46 1122 500
57 1080 162 1136 pectore,
172 1095 216 1127 nec
225 1081 292 1126 fibris
301 1080 394 1135 requies
403 1081 477 1128 datur
485 1081 537 1128 nlla
545 1081 645 1128 renatis.

57 1146 121 1203 Quid
131 1163 258 1196 memorem
269 1149 394 1207 Lapithas,
405 1150 499 1206 Ixione,
510 1149 708 1202 Pirithoumque?

56 1231 115 1272 quos
125 1232 198 1273 super
207 1220 263 1265 atra
272 1218 332 1265 silex
341 1217 390 1264 iem
400 1218 448 1264 ianr
458 1218 556 1274 lapsura
566 1215 708 1270 cadentique

56 1285 166 1332 imminet
175 1286 285 1333 assimilis
293 1305 299 1343 ;
315 1286 396 1333 lucent
405 1284 539 1342 genialibus
549 1285 605 1332 eltis

55 1368 131 1400 aurea
139 1353 219 1402 fulcra
227 1354 295 1411 toris,
306 1355 437 1410 epulaeque
447 1356 503 1400 ante
513 1369 556 1400 ore
565 1354 665 1409 paratae

56 1421 154 1478 regifico
163 1422 239 1469 luxu?
253 1422 383 1469 Furiarum
394 1423 500 1469 maxime
508 1421 577 1468 iuxta

56 1489 160 1538 occubat
169 1491 194 1537 et
203 1491 315 1537 manibus
327 1491 438 1546 prohibet
448 1490 588 1548 contingere
597 1502 701 1542 menses,

56 1559 212 1615 exsurgitque
221 1559 299 1606 facem
309 1558 423 1606 attollens
433 1560 505 1614 etque
514 1559 609 1605 intonat
619 1573 668 1605 ore.

57 1628 106 1675 Hic
115 1627 200 1682 quibus
210 1627 281 1674 invisi
289 1627 388 1683 fratres,
399 1627 456 1674 dum
466 1626 518 1672 vita
526 1626 647 1683 manebat,

56 1697 198 1754 pulsatusve
207 1710 294 1752 parens
304 1697 329 1742 et
338 1695 407 1742 treus
417 1695 506 1742 innexs
515 1695 607 1753 clienti,

10 1767 44 1808 510
56 1766 101 1812 aut
110 1765 151 1820 qui
161 1763 251 1810 divitiis
261 1763 305 1811 soli
313 1764 443 1811 incubuere
451 1764 564 1822 repertis,

56 1849 102 1881 nec
112 1834 206 1889 partem
217 1847 318 1888 posuere
328 1833 386 1891 suis,
396 1848 458 1888 quae
467 1833 573 1881 maxime
582 1834 657 1882 turbs
665 1836 712 1892 est,

56 1902 144 1958 quique
153 1900 184 1948 ob
193 1899 339 1948 adulterium
350 1901 421 1959 caesi,
432 1902 518 1957 quique
528 1917 597 1949 arms
606 1904 684 1950 secuti

55 1970 131 2026 impia
141 1985 186 2017 nec
194 1969 265 2017 veriti
275 1969 425 2016 dominorum
438 1971 524 2018 fallere
534 1972 640 2028 dextras,

55 2038 144 2086 inclusi
156 2053 258 2094 poenam
267 2040 417 2094 exspectant.
447 2039 485 2085 Ne
494 2054 582 2094 quaere
592 2039 672 2086 doceri

56 2122 129 2164 quam
148 2121 258 2163 poenam,
278 2108 322 2154 sut
340 2122 401 2165 qnae
422 2107 502 2154 forma
520 2107 585 2153 viros
604 2105 734 2153 fortunare

113 2175 206 2222 mersit.
726 2193 729 2200 ·

57 2243 149 2291 Sexum
158 2243 246 2299 ingens
253 2243 355 2290 volvunt
364 2243 415 2300 elii,
425 2243 545 2298 radiisque
554 2242 664 2288 rotarum

56 2312 162 2361 districti
172 2312 292 2371 pendent;
306 2313 373 2359 sedet
383 2313 556 2365 aeternumque
570 2310 663 2356 sedebit

55 2379 143 2429 infelix
152 2379 260 2426 Theseus
269 2399 275 2436 3
291 2380 456 2435 Phlegyasque
466 2377 615 2425 miserrimus
624 2391 707 2424 omnes

235 2467 271 2500 tlt.
293 2463 386 2498 ‘merset’
393 2461 449 2496 codd.
457 2460 557 2499 nonnulli.

103 2517 176 2568 (2⁵⁷)
391 2524 398 2554 ¹
