1972 3164
367 192 389 230 P.
402 191 521 231 VERGILI
534 191 664 234 MARONIS

177 289 219 335 sed
228 288 294 336 ferro
304 289 405 346 ancipiti
414 290 555 347 decernunt,
566 292 668 346 atraque
678 291 727 339 late

176 357 295 405 horrescit
304 358 395 406 strictis
406 373 473 414 seges
483 358 588 416 ensibus,
598 373 703 415 aeraque
712 359 809 417 fulgent

178 426 227 472 sole
236 425 348 473 lacessita
357 427 382 473 et
392 427 470 473 lucem
481 426 526 474 sub
535 426 619 474 nubila
627 426 724 475 iactant
733 449 739 476 :

178 494 267 541 fluctus
277 495 314 540 uti
323 495 400 550 primo
411 495 488 550 coepit
499 510 553 542 cum
563 495 684 543 albescere
693 499 775 554 vento,

179 562 297 618 paulatim
307 577 358 610 sese
368 563 432 610 tollit
442 578 509 610 mare
519 565 544 610 et
554 564 628 611 altius
638 565 718 612 undas

131 644 168 681 ⁵30
179 631 260 688 erigit,
271 631 326 678 iude
336 631 385 678 imo
394 631 518 688 consurgit
528 632 560 679 ad
569 633 670 680 aethera
678 633 764 682 fundo.

180 700 229 748 Hic
238 700 330 747 iuvenis
340 699 443 756 primam
452 702 510 748 aute
519 701 595 749 eciem
604 701 725 750 stridente
735 703 833 761 sagitte,

179 771 293 816 natorum
303 769 392 824 Tyrrhi
401 769 484 816 fuerat
493 769 534 825 qui
543 769 670 827 maximus,
680 771 763 828 Almo,

180 839 311 894 sternitur;
324 837 403 884 haesit
412 838 476 884 enim
486 838 531 884 sub
544 839 645 894 gutture
654 839 744 888 vulnus
754 841 780 888 et
793 841 850 888 udae

179 907 243 954 vocis
253 907 301 953 iter
310 907 455 961 tenuemque
464 905 562 953 inclusit
572 907 689 962 sanguine
699 907 784 957 vitem.

181 976 288 1031 Corpora
297 974 376 1021 multe
384 975 464 1021 virum
474 975 546 1032 cirea,
558 975 683 1031 seniorque
695 976 822 1035 Galaesus,

180 1045 238 1091 dum
248 1044 302 1099 paci
311 1043 416 1090 medium
426 1058 451 1090 ee
461 1043 541 1100 offert,
552 1043 699 1090 iustissimus
709 1059 775 1092 unus

180 1113 221 1168 qui
230 1112 278 1159 tuit
287 1111 446 1166 Ausoniisque
455 1111 512 1158 olim
522 1111 654 1159 ditissimus
664 1113 744 1160 orvis:

180 1180 284 1237 quinque
293 1195 378 1236 greges
387 1179 423 1225 illi
432 1179 567 1236 balantum,
578 1179 652 1235 quina
660 1181 775 1229 redibant

181 1250 300 1306 armenta,
311 1251 336 1296 et
346 1249 437 1296 terram
448 1250 545 1296 centum
554 1248 665 1295 vertebat
675 1250 775 1298 aratris.

133 1332 171 1369 540
209 1319 290 1373 Atque
298 1333 327 1366 ce
336 1333 379 1373 per
388 1332 485 1373 campos
493 1331 568 1373 aequo
574 1316 632 1363 dum
639 1317 722 1364 Marte
728 1321 852 1375 geruntur,

181 1386 291 1443 promissi
301 1386 346 1433 dee
354 1385 422 1432 facta
431 1387 524 1442 potens,
535 1384 578 1431 ubi
586 1385 704 1442 sanguine
718 1385 811 1433 bellum

180 1455 269 1502 imbuit
279 1456 304 1502 et
313 1455 405 1510 primae
415 1454 533 1501 commisit
542 1453 630 1500 funera
639 1469 744 1511 pugnae,

182 1524 271 1572 deserit
281 1523 425 1578 Hesperiam
435 1524 460 1569 et
470 1522 531 1570 caeli
540 1537 655 1569 conversa
664 1538 710 1578 per
719 1538 795 1570 auras

182 1594 299 1640 Iunonem
308 1591 397 1638 victrix
406 1592 498 1638 affatur
507 1605 564 1638 voce
574 1590 692 1645 superbe:

183 1661 245 1717 ‘Em
256 1660 365 1717 perfecta
374 1659 419 1706 tibi
427 1659 490 1707 bello
500 1659 619 1706 discordia
627 1659 710 1706 tristi:

182 1731 219 1777 dic
228 1730 254 1776 in
264 1729 395 1776 amicitiem
405 1730 491 1776 coeant
500 1730 526 1775 et
536 1727 633 1774 foedera
642 1726 756 1784 iungant.

183 1797 378 1854 Quandoquidem
388 1796 495 1843 Ausonio
504 1795 607 1850 respersi
613 1796 732 1852 sauguine
743 1797 856 1854 Teucros,

182 1867 227 1914 hoc
236 1866 310 1913 ctiam
319 1865 357 1912 his
367 1866 463 1920 addam,
474 1866 519 1911 tue
528 1863 549 1911 si
559 1862 618 1909 mihi
627 1866 696 1911 certa
704 1864 821 1912 voluntas
830 1886 837 1913 ι

182 1935 297 1982 finitimas
307 1934 333 1980 in
341 1933 405 1981 bella
418 1933 496 1980 feram
505 1932 641 1980 rumoribus
650 1932 723 1980 urbes

134 2022 145 2058 ⁵
147 2020 171 2056 50
182 2003 357 2058 accendamque
367 2002 458 2049 animos
467 2002 546 2048 insani
555 2001 643 2048 Martis
653 2016 745 2058 amore,

182 2073 286 2128 undique
303 2073 332 2118 ut
349 2071 437 2118 auxilio
457 2071 556 2117 venient
565 2088 571 2126 ;
596 2084 710 2125 spargam
727 2085 800 2118 arma
818 2086 860 2127 per

238 2141 324 2197 aeros!

183 2212 246 2257 Tum
256 2210 341 2256 contre
350 2208 412 2254 Iuno
420 2207 426 2228 ‘
434 2208 563 2254 Terrorem
570 2208 595 2253 et
605 2205 700 2253 fraudis
707 2206 805 2255 abunde
815 2208 860 2255 est.

184 2279 256 2324 Stant
265 2277 324 2324 belli
333 2290 427 2332 causae,
438 2278 562 2331 pugnetur
572 2275 706 2322 comminus
715 2276 801 2333 armis,

182 2362 243 2402 quae
253 2346 303 2392 fors
313 2346 392 2401 prima
401 2343 467 2390 dedit
477 2343 575 2399 sanguis
585 2357 662 2389 novus
669 2342 760 2391 imbuit
769 2360 847 2391 arma.

361 2444 396 2475 528.
418 2439 497 2481 ‘ponto’
504 2439 558 2474 codd.
562 2439 659 2514 kllriorique.

360 2484 395 2515 osi.
417 2479 562 2514 ‘couvexn’cod
577 2479 683 2521 ¹plerique.

232 2532 301 2581 (284)
