1972 3164
354 173 377 212 P.
390 171 509 212 VERGILI
522 170 650 212 MARONIS

163 270 191 318 in
201 271 313 318 flammas
322 271 348 319 ct
357 271 383 317 in
392 287 462 319 arma
471 271 543 328 feror,
554 286 601 327 quo
610 270 689 319 tristis
699 270 798 328 Erinys,

164 355 212 395 qno
220 340 333 388 fremitus
343 341 415 387 vocat
424 342 449 387 et
459 340 569 387 sublatus
579 339 611 385 ad
621 338 722 386 aethera
731 338 830 388 clamor.

165 409 271 456 Addunt
281 424 306 456 se
317 408 391 456 socios
400 408 509 463 Rhipeus
519 409 543 455 et
553 407 673 453 maximus
683 406 756 453 armis

115 495 151 530 3⁴0
169 477 275 534 Epytus,
287 476 362 524 oblati
370 492 414 532 per
423 476 514 533 lunam,
526 474 683 531 Hypanisque
693 474 840 532 Dymasque,

164 548 190 593 et
200 545 272 593 lateri
282 544 449 601 agglomerant
459 546 550 600 nostro,
560 542 701 598 iuvenisque
712 542 833 591 Coroebus

164 613 336 670 Mygdonides:
356 611 403 658 illis
413 612 444 658 ad
455 612 552 659 Troiam
562 612 626 658 forte
636 611 719 658 dicbus

164 682 264 728 venerat
274 681 360 727 insano
370 680 520 727 Cassandrae
530 679 642 727 incensus
652 695 742 737 amore,

163 751 190 796 et
199 763 274 807 gener
283 747 399 794 auxilium
409 747 508 794 Priamo
518 747 701 804 Phrygibusque
711 747 815 805 ferebat,

163 816 248 863 infelix
258 816 298 872 qui
308 832 357 863 non
368 830 468 871 sponsae
480 817 610 872 praecepta
619 815 724 863 furentis

164 889 274 937 audierit.

163 957 228 1015 Quos
237 956 280 1004 ubi
289 956 409 1004 oonic1tos
419 958 509 1004 audere
518 956 543 1003 in
553 956 644 1012 proelia
653 956 712 1013 vidi,

162 1024 250 1081 incipio
260 1039 332 1080 snper
341 1024 379 1071 his
389 1044 394 1071 :
416 1024 431 1046 ‘¹
439 1025 551 1082 Iuvenes,
561 1024 695 1072 fortissima
704 1023 800 1073 frustra

163 1096 270 1150 pectora,
281 1092 301 1140 si
311 1092 377 1139 vobis
387 1093 517 1140 audentem
527 1095 635 1140 extrema
645 1093 732 1148 cupido

114 1182 151 1219 350
164 1164 232 1211 certa
241 1161 316 1218 sequi,
326 1176 387 1216 quae
397 1161 429 1209 sit
438 1162 510 1208 rebus
519 1162 621 1209 fortuna
630 1161 726 1210 videtis.

164 1231 294 1278 Excessere
304 1245 386 1278 omnes
395 1230 475 1286 adytis
485 1230 580 1286 arisque
589 1230 680 1277 relictis

162 1300 195 1358 di,
206 1300 291 1356 quibus
300 1299 428 1355 imperium
438 1299 483 1346 hoc
493 1299 596 1346 steterat
606 1318 612 1354 ;
632 1298 776 1345 succurritis
785 1296 840 1344 urbi

161 1368 288 1416 incensae:
308 1367 448 1424 moriamur,
459 1369 484 1414 et
493 1367 520 1413 in
529 1366 609 1414 media
618 1382 687 1413 arma
695 1381 803 1412 ruamus.

163 1436 220 1484 Una
230 1437 295 1484 salus
304 1435 375 1483 victis
384 1436 476 1482 nullam
487 1449 584 1491 sperare
594 1434 725 1482 salutem.”

162 1504 201 1552 Sic
211 1505 297 1551 animis
307 1504 421 1551 iuvenum
430 1504 500 1550 furor
509 1503 614 1550 additus.
644 1502 706 1549 inde
715 1501 768 1556 lupi
777 1517 821 1548 ceu

161 1575 273 1628 raptores
283 1575 338 1620 atra
347 1573 373 1619 iu
382 1572 480 1629 nebula,
491 1586 550 1627 quos
559 1571 670 1626 improba
679 1569 772 1618 ventris

162 1640 242 1696 exegit
252 1655 333 1688 caecos
342 1640 430 1697 rabies,
441 1639 563 1694 catulique
572 1638 652 1686 relicti

160 1708 272 1755 faucibus
282 1710 424 1763 exspectant
434 1707 511 1764 siccis,
521 1722 565 1763 per
574 1707 632 1764 tela,
643 1722 686 1762 per
696 1706 777 1752 hostes

161 1776 271 1823 vadimus
297 1775 363 1823 haud
391 1776 489 1823 dubiam
515 1775 541 1822 iu
565 1776 677 1832 mortem,
701 1772 839 1828 mediaeque

218 1846 329 1892 tenemus

113 1927 150 1974 3⁶0
161 1912 227 1960 urbis
239 1913 301 1968 iter3
320 1927 368 1958 nox
378 1913 433 1960 atra
443 1927 503 1959 cava
512 1911 670 1959 circumvolat
679 1909 775 1956 umbra.

162 1981 220 2039 Quis
231 1981 323 2028 cladem
332 1980 397 2027 illius
406 1980 493 2036 noctis,
503 1979 556 2036 quis
565 1980 653 2027 funcra
661 1979 737 2026 fando

161 2049 264 2105 explicet
274 2051 317 2097 ant
327 2050 402 2105 possit
411 2049 517 2097 lacrimis
526 2064 630 2104 aequare
639 2047 751 2094 labores?

161 2118 226 2166 Urbs
236 2119 337 2174 antiqua
345 2118 396 2165 ruit
406 2118 496 2164 multos
506 2117 629 2164 dominata
639 2131 682 2172 per
691 2131 766 2163 annos
776 2135 782 2172 ;

161 2186 265 2242 plurima
275 2202 364 2242 perque
373 2186 425 2232 vias
435 2187 580 2233 sternuntur
588 2184 678 2232 inertia
687 2183 777 2239 passim

161 2270 263 2311 corpora
272 2269 361 2310 perque
371 2254 453 2300 domos
462 2256 488 2300 et
497 2253 610 2309 religiosa
619 2253 719 2300 deorum

160 2323 254 2370 limina.
284 2323 336 2370 Nec
346 2321 390 2369 soli
398 2336 487 2377 poenas
497 2321 558 2368 dant
568 2321 684 2376 sanguine
695 2319 781 2367 Teucri
791 2341 796 2366 :

161 2393 281 2446 quondam
291 2391 365 2438 etiam
375 2390 445 2438 victis
454 2389 518 2436 redit
527 2389 553 2434 in
563 2389 704 2444 praecordia
713 2389 799 2444 virtus,

160 2459 309 2514 victoresque
319 2459 409 2506 cadunt
420 2457 508 2504 Danai.
538 2456 648 2505 Crudelis
657 2457 746 2513 ubique

210 2528 218 2574 (
228 2526 279 2576 148)
