<?xml version="1.0" encoding="UTF-8"?>
<!DOCTYPE html PUBLIC "-//W3C//DTD XHTML 1.0 Transitional//EN"
    "http://www.w3.org/TR/xhtml1/DTD/xhtml1-transitional.dtd">
<html xmlns="http://www.w3.org/1999/xhtml" xml:lang="en" lang="en">
 <head>
  <title>
</title>
<meta http-equiv="Content-Type" content="text/html;charset=utf-8" />
  <meta name='ocr-system' content='tesseract 3.04.00' />
  <meta name='ocr-capabilities' content='ocr_page ocr_carea ocr_par ocr_line ocrx_word'/>
</head>
<body>
  <div class='ocr_page' id='page_1' title='image "./pvergilimaronis07virggoog_0235.png"; bbox 0 0 1972 3164; ppageno 0'>
   <div class='ocr_carea' id='block_1_1' title="bbox 374 169 671 213">
    <p class='ocr_par' dir='ltr' id='par_1_1' title="bbox 374 169 671 213">
     <span class='ocr_line' id='line_1_1' title="bbox 374 169 671 213; baseline 0.017 -5"><span class='ocrx_word' id='word_1_1' title='bbox 374 169 397 208; x_wconf 82' lang='lat' dir='ltr'><strong>P.</strong></span> <span class='ocrx_word' id='word_1_2' title='bbox 409 169 530 210; x_wconf 80' lang='lat' dir='ltr'>VERGILI</span> <span class='ocrx_word' id='word_1_3' title='bbox 542 171 671 213; x_wconf 82' lang='lat' dir='ltr'><strong>MARONIS</strong></span> 
     </span>
    </p>
   </div>
   <div class='ocr_carea' id='block_1_2' title="bbox 138 264 844 2444">
    <p class='ocr_par' dir='ltr' id='par_1_2' title="bbox 138 264 843 2109">
     <span class='ocr_line' id='line_1_2' title="bbox 185 264 779 322; baseline 0.012 -11"><span class='ocrx_word' id='word_1_4' title='bbox 185 264 346 322; x_wconf 85' lang='lat' dir='ltr'><strong>oonsequitur‚</strong></span> <span class='ocrx_word' id='word_1_5' title='bbox 357 266 429 313; x_wconf 82' lang='lat' dir='ltr'><strong>viridi</strong></span> <span class='ocrx_word' id='word_1_6' title='bbox 437 267 579 314; x_wconf 78' lang='lat' dir='ltr'><strong>Mnestheus</strong></span> <span class='ocrx_word' id='word_1_7' title='bbox 588 268 698 315; x_wconf 80' lang='lat' dir='ltr'><strong>evinctus</strong></span> <span class='ocrx_word' id='word_1_8' title='bbox 707 270 779 319; x_wconf 79' lang='lat' dir='ltr'><strong>oliva.</strong></span> 
     </span>
     <span class='ocr_line' id='line_1_3' title="bbox 185 332 742 392; baseline 0.007 -13"><span class='ocrx_word' id='word_1_9' title='bbox 185 332 283 380; x_wconf 83' lang='lat' dir='ltr'><strong>Tertius</strong></span> <span class='ocrx_word' id='word_1_10' title='bbox 293 333 420 392; x_wconf 73' lang='lat' dir='ltr'><strong>Eurytion,</strong></span> <span class='ocrx_word' id='word_1_11' title='bbox 430 335 487 380; x_wconf 85' lang='lat' dir='ltr'><strong>tuus</strong></span> <span class='ocrx_word' id='word_1_12' title='bbox 497 349 511 381; x_wconf 97' lang='lat' dir='ltr'><strong>o</strong></span> <span class='ocrx_word' id='word_1_13' title='bbox 521 334 651 382; x_wconf 82' lang='lat' dir='ltr'><strong>clarissime</strong></span> <span class='ocrx_word' id='word_1_14' title='bbox 661 335 742 383; x_wconf 85' lang='lat' dir='ltr'><strong>frater</strong></span> 
     </span>
     <span class='ocr_line' id='line_1_4' title="bbox 186 401 843 466; baseline 0.011 -19"><span class='ocrx_word' id='word_1_15' title='bbox 186 401 306 458; x_wconf 84' lang='lat' dir='ltr'><strong>Pandare,</strong></span> <span class='ocrx_word' id='word_1_16' title='bbox 316 401 358 458; x_wconf 90' lang='lat' dir='ltr'><strong>qui</strong></span> <span class='ocrx_word' id='word_1_17' title='bbox 366 402 494 458; x_wconf 89' lang='lat' dir='ltr'><strong>qnondam,</strong></span> <span class='ocrx_word' id='word_1_18' title='bbox 504 401 583 448; x_wconf 88' lang='lat' dir='ltr'><strong>iussus</strong></span> <span class='ocrx_word' id='word_1_19' title='bbox 593 402 740 451; x_wconf 76' lang='lat' dir='ltr'><strong>confundere</strong></span> <span class='ocrx_word' id='word_1_20' title='bbox 749 404 843 466; x_wconf 87' lang='lat' dir='ltr'><strong>foedus,</strong></span> 
     </span>
     <span class='ocr_line' id='line_1_5' title="bbox 185 469 725 526; baseline 0.006 -9"><span class='ocrx_word' id='word_1_21' title='bbox 185 469 212 517; x_wconf 91' lang='lat' dir='ltr'><strong>in</strong></span> <span class='ocrx_word' id='word_1_22' title='bbox 221 469 311 517; x_wconf 86' lang='lat' dir='ltr'><strong>medios</strong></span> <span class='ocrx_word' id='word_1_23' title='bbox 321 470 396 518; x_wconf 90' lang='lat' dir='ltr'><strong>telum</strong></span> <span class='ocrx_word' id='word_1_24' title='bbox 406 470 499 517; x_wconf 74' lang='lat' dir='ltr'><strong>torsisti</strong></span> <span class='ocrx_word' id='word_1_25' title='bbox 509 471 601 526; x_wconf 88' lang='lat' dir='ltr'><strong>primus</strong></span> <span class='ocrx_word' id='word_1_26' title='bbox 610 472 725 520; x_wconf 82' lang='lat' dir='ltr'><strong>Achivos.</strong></span> 
     </span>
     <span class='ocr_line' id='line_1_6' title="bbox 187 539 739 599; baseline 0.005 -13"><span class='ocrx_word' id='word_1_27' title='bbox 187 539 319 586; x_wconf 80' lang='lat' dir='ltr'><strong>Extremus</strong></span> <span class='ocrx_word' id='word_1_28' title='bbox 328 539 443 596; x_wconf 75' lang='lat' dir='ltr'>galeaque</span> <span class='ocrx_word' id='word_1_29' title='bbox 452 539 501 586; x_wconf 86' lang='lat' dir='ltr'><strong>ima</strong></span> <span class='ocrx_word' id='word_1_30' title='bbox 511 539 619 587; x_wconf 89' lang='lat' dir='ltr'><strong>subsedit</strong></span> <span class='ocrx_word' id='word_1_31' title='bbox 628 540 739 599; x_wconf 85' lang='lat' dir='ltr'><strong>Aoestes,</strong></span> 
     </span>
     <span class='ocr_line' id='line_1_7' title="bbox 186 607 819 665; baseline 0.008 -11"><span class='ocrx_word' id='word_1_32' title='bbox 186 622 260 654; x_wconf 89' lang='lat' dir='ltr'><strong>ausus</strong></span> <span class='ocrx_word' id='word_1_33' title='bbox 268 608 294 654; x_wconf 90' lang='lat' dir='ltr'><strong>et</strong></span> <span class='ocrx_word' id='word_1_34' title='bbox 303 607 354 663; x_wconf 87' lang='lat' dir='ltr'><strong>ipse</strong></span> <span class='ocrx_word' id='word_1_35' title='bbox 362 622 437 653; x_wconf 85' lang='lat' dir='ltr'><strong>manu</strong></span> <span class='ocrx_word' id='word_1_36' title='bbox 446 607 561 654; x_wconf 82' lang='lat' dir='ltr'><strong>iuvenum</strong></span> <span class='ocrx_word' id='word_1_37' title='bbox 570 610 692 665; x_wconf 86' lang='lat' dir='ltr'><strong>temptare</strong></span> <span class='ocrx_word' id='word_1_38' title='bbox 702 610 819 660; x_wconf 88' lang='lat' dir='ltr'><strong>laborem.</strong></span> 
     </span>
     <span class='ocr_line' id='line_1_8' title="bbox 138 674 752 729; baseline 0.008 -8"><span class='ocrx_word' id='word_1_39' title='bbox 138 689 176 729; x_wconf 81' lang='lat'><strong>500</strong></span> <span class='ocrx_word' id='word_1_40' title='bbox 188 675 251 722; x_wconf 70' lang='lat' dir='ltr'><strong>lhun</strong></span> <span class='ocrx_word' id='word_1_41' title='bbox 260 675 346 722; x_wconf 80' lang='lat' dir='ltr'><strong>validis</strong></span> <span class='ocrx_word' id='word_1_42' title='bbox 355 675 429 722; x_wconf 85' lang='lat' dir='ltr'><strong>flexos</strong></span> <span class='ocrx_word' id='word_1_43' title='bbox 438 674 570 723; x_wconf 74' lang='lat' dir='ltr'><strong>incurvant</strong></span> <span class='ocrx_word' id='word_1_44' title='bbox 579 678 670 725; x_wconf 84' lang='lat' dir='ltr'><strong>viribus</strong></span> <span class='ocrx_word' id='word_1_45' title='bbox 680 694 752 726; x_wconf 85' lang='lat' dir='ltr'><strong>arcus</strong></span> 
     </span>
     <span class='ocr_line' id='line_1_9' title="bbox 187 743 820 802; baseline 0.006 -11"><span class='ocrx_word' id='word_1_46' title='bbox 187 759 231 800; x_wconf 88' lang='lat' dir='ltr'><strong>pro</strong></span> <span class='ocrx_word' id='word_1_47' title='bbox 240 759 265 792; x_wconf 90' lang='lat' dir='ltr'><strong>se</strong></span> <span class='ocrx_word' id='word_1_48' title='bbox 274 744 373 800; x_wconf 90' lang='lat' dir='ltr'><strong>quisque</strong></span> <span class='ocrx_word' id='word_1_49' title='bbox 382 743 464 791; x_wconf 85' lang='lat' dir='ltr'><strong>viriet</strong></span> <span class='ocrx_word' id='word_1_50' title='bbox 474 744 620 800; x_wconf 81' lang='lat' dir='ltr'><strong>depromunt</strong></span> <span class='ocrx_word' id='word_1_51' title='bbox 629 746 679 793; x_wconf 87' lang='lat' dir='ltr'><strong>tela</strong></span> <span class='ocrx_word' id='word_1_52' title='bbox 689 746 820 802; x_wconf 73' lang='lat' dir='ltr'><strong>pharetris.</strong></span> 
     </span>
     <span class='ocr_line' id='line_1_10' title="bbox 187 811 789 873; baseline 0.008 -16"><span class='ocrx_word' id='word_1_53' title='bbox 187 811 315 868; x_wconf 85' lang='lat' dir='ltr'><strong>Primaque</strong></span> <span class='ocrx_word' id='word_1_54' title='bbox 324 827 369 869; x_wconf 87' lang='lat' dir='ltr'><strong>per</strong></span> <span class='ocrx_word' id='word_1_55' title='bbox 377 812 471 859; x_wconf 80' lang='lat' dir='ltr'><strong>eaelum</strong></span> <span class='ocrx_word' id='word_1_56' title='bbox 480 828 556 860; x_wconf 89' lang='lat' dir='ltr'><strong>nervo</strong></span> <span class='ocrx_word' id='word_1_57' title='bbox 566 813 684 861; x_wconf 88' lang='lat' dir='ltr'><strong>stridente</strong></span> <span class='ocrx_word' id='word_1_58' title='bbox 695 815 789 873; x_wconf 84' lang='lat' dir='ltr'><strong>sagitta</strong></span> 
     </span>
     <span class='ocr_line' id='line_1_11' title="bbox 186 880 803 941; baseline 0.002 -13"><span class='ocrx_word' id='word_1_59' title='bbox 186 881 336 937; x_wconf 74' lang='lat' dir='ltr'><strong>Hyrtacidae</strong></span> <span class='ocrx_word' id='word_1_60' title='bbox 345 880 438 927; x_wconf 87' lang='lat' dir='ltr'><strong>iuvenis</strong></span> <span class='ocrx_word' id='word_1_61' title='bbox 447 881 556 928; x_wconf 87' lang='lat' dir='ltr'><strong>volueres</strong></span> <span class='ocrx_word' id='word_1_62' title='bbox 567 882 704 930; x_wconf 84' lang='lat' dir='ltr'><strong>diverberat</strong></span> <span class='ocrx_word' id='word_1_63' title='bbox 715 898 803 941; x_wconf 84' lang='lat' dir='ltr'><strong>auras;</strong></span> 
     </span>
     <span class='ocr_line' id='line_1_12' title="bbox 187 949 730 1006; baseline 0.004 -10"><span class='ocrx_word' id='word_1_64' title='bbox 187 950 212 997; x_wconf 89' lang='lat' dir='ltr'><strong>et</strong></span> <span class='ocrx_word' id='word_1_65' title='bbox 221 949 288 996; x_wconf 87' lang='lat' dir='ltr'><strong>venit</strong></span> <span class='ocrx_word' id='word_1_66' title='bbox 298 949 438 1004; x_wconf 77' lang='lat' dir='ltr'><strong>adversique</strong></span> <span class='ocrx_word' id='word_1_67' title='bbox 447 949 559 1006; x_wconf 79' lang='lat' dir='ltr'><strong>infigitur</strong></span> <span class='ocrx_word' id='word_1_68' title='bbox 568 950 654 998; x_wconf 87' lang='lat' dir='ltr'><strong>arbore</strong></span> <span class='ocrx_word' id='word_1_69' title='bbox 664 951 730 998; x_wconf 92' lang='lat' dir='ltr'><strong>mali.</strong></span> 
     </span>
     <span class='ocr_line' id='line_1_13' title="bbox 187 1016 769 1075; baseline 0.003 -11"><span class='ocrx_word' id='word_1_70' title='bbox 187 1016 319 1064; x_wconf 85' lang='lat' dir='ltr'><strong>Intremuit</strong></span> <span class='ocrx_word' id='word_1_71' title='bbox 327 1018 406 1064; x_wconf 87' lang='lat' dir='ltr'><strong>malus</strong></span> <span class='ocrx_word' id='word_1_72' title='bbox 416 1017 545 1073; x_wconf 87' lang='lat' dir='ltr'><strong>timuitque</strong></span> <span class='ocrx_word' id='word_1_73' title='bbox 555 1019 673 1066; x_wconf 87' lang='lat' dir='ltr'><strong>exterrita</strong></span> <span class='ocrx_word' id='word_1_74' title='bbox 682 1019 769 1075; x_wconf 87' lang='lat' dir='ltr'><strong>pennis</strong></span> 
     </span>
     <span class='ocr_line' id='line_1_14' title="bbox 188 1085 725 1143; baseline 0.004 -11"><span class='ocrx_word' id='word_1_75' title='bbox 188 1085 246 1143; x_wconf 84' lang='lat' dir='ltr'><strong>ales,</strong></span> <span class='ocrx_word' id='word_1_76' title='bbox 257 1086 282 1133; x_wconf 90' lang='lat' dir='ltr'><strong>et</strong></span> <span class='ocrx_word' id='word_1_77' title='bbox 291 1085 385 1142; x_wconf 77' lang='lat' dir='ltr'><strong>ingenti</strong></span> <span class='ocrx_word' id='word_1_78' title='bbox 394 1089 528 1133; x_wconf 86' lang='lat' dir='ltr'><strong>sonuerunt</strong></span> <span class='ocrx_word' id='word_1_79' title='bbox 538 1087 619 1134; x_wconf 86' lang='lat' dir='ltr'><strong>omnia</strong></span> <span class='ocrx_word' id='word_1_80' title='bbox 628 1087 725 1142; x_wconf 81' lang='lat' dir='ltr'><strong>plausu.</strong></span> 
     </span>
     <span class='ocr_line' id='line_1_15' title="bbox 188 1153 778 1211; baseline 0.003 -12"><span class='ocrx_word' id='word_1_81' title='bbox 188 1153 247 1200; x_wconf 90' lang='lat' dir='ltr'><strong>Post</strong></span> <span class='ocrx_word' id='word_1_82' title='bbox 256 1169 312 1202; x_wconf 80' lang='lat' dir='ltr'><strong>seer</strong></span> <span class='ocrx_word' id='word_1_83' title='bbox 321 1153 463 1201; x_wconf 73' lang='lat' dir='ltr'>Mnestheus</span> <span class='ocrx_word' id='word_1_84' title='bbox 473 1154 579 1202; x_wconf 80' lang='lat' dir='ltr'><strong>adducto</strong></span> <span class='ocrx_word' id='word_1_85' title='bbox 588 1155 700 1202; x_wconf 81' lang='lat' dir='ltr'><strong>constitit</strong></span> <span class='ocrx_word' id='word_1_86' title='bbox 709 1170 778 1211; x_wconf 85' lang='lat' dir='ltr'><strong>arou,</strong></span> 
     </span>
     <span class='ocr_line' id='line_1_16' title="bbox 188 1221 838 1280; baseline 0.003 -11"><span class='ocrx_word' id='word_1_87' title='bbox 188 1221 239 1269; x_wconf 86' lang='lat' dir='ltr'><strong>alta</strong></span> <span class='ocrx_word' id='word_1_88' title='bbox 249 1224 342 1280; x_wconf 88' lang='lat' dir='ltr'><strong>petens,</strong></span> <span class='ocrx_word' id='word_1_89' title='bbox 352 1222 490 1279; x_wconf 73' lang='lat' dir='ltr'><strong>pariterque</strong></span> <span class='ocrx_word' id='word_1_90' title='bbox 499 1223 581 1270; x_wconf 81' lang='lat' dir='ltr'><strong>oeulos</strong></span> <span class='ocrx_word' id='word_1_91' title='bbox 591 1224 715 1279; x_wconf 85' lang='lat' dir='ltr'><strong>telumque</strong></span> <span class='ocrx_word' id='word_1_92' title='bbox 724 1222 838 1271; x_wconf 88' lang='lat' dir='ltr'><strong>tetendit.</strong></span> 
     </span>
     <span class='ocr_line' id='line_1_17' title="bbox 188 1290 789 1349; baseline 0.002 -11"><span class='ocrx_word' id='word_1_93' title='bbox 188 1290 235 1338; x_wconf 80' lang='lat' dir='ltr'><strong>Ast</strong></span> <span class='ocrx_word' id='word_1_94' title='bbox 244 1290 322 1348; x_wconf 88' lang='lat' dir='ltr'><strong>ipsam</strong></span> <span class='ocrx_word' id='word_1_95' title='bbox 332 1290 481 1338; x_wconf 88' lang='lat' dir='ltr'><strong>miserandus</strong></span> <span class='ocrx_word' id='word_1_96' title='bbox 491 1305 560 1337; x_wconf 84' lang='lat' dir='ltr'><strong>avem</strong></span> <span class='ocrx_word' id='word_1_97' title='bbox 571 1291 712 1349; x_wconf 78' lang='lat' dir='ltr'><strong>contingere</strong></span> <span class='ocrx_word' id='word_1_98' title='bbox 721 1291 789 1339; x_wconf 84' lang='lat' dir='ltr'><strong>ferro</strong></span> 
     </span>
     <span class='ocr_line' id='line_1_18' title="bbox 138 1357 728 1417; baseline -0.002 -10"><span class='ocrx_word' id='word_1_99' title='bbox 138 1379 177 1417; x_wconf 80' lang='lat'><strong>510</strong></span> <span class='ocrx_word' id='word_1_100' title='bbox 188 1373 237 1407; x_wconf 89' lang='lat' dir='ltr'><strong>uon</strong></span> <span class='ocrx_word' id='word_1_101' title='bbox 247 1359 324 1407; x_wconf 79' lang='lat' dir='ltr'><strong>valuit</strong></span> <span class='ocrx_word' id='word_1_102' title='bbox 335 1379 341 1407; x_wconf 73' lang='lat' dir='ltr'><strong>e</strong></span> <span class='ocrx_word' id='word_1_103' title='bbox 355 1359 429 1405; x_wconf 90' lang='lat' dir='ltr'><strong>nodos</strong></span> <span class='ocrx_word' id='word_1_104' title='bbox 439 1359 464 1405; x_wconf 87' lang='lat' dir='ltr'><strong>et</strong></span> <span class='ocrx_word' id='word_1_105' title='bbox 473 1357 570 1405; x_wconf 84' lang='lat' dir='ltr'><strong>vincula</strong></span> <span class='ocrx_word' id='word_1_106' title='bbox 578 1358 644 1405; x_wconf 86' lang='lat' dir='ltr'><strong>linea</strong></span> <span class='ocrx_word' id='word_1_107' title='bbox 652 1360 728 1417; x_wconf 85' lang='lat' dir='ltr'><strong>rupit,</strong></span> 
     </span>
     <span class='ocr_line' id='line_1_19' title="bbox 188 1426 768 1484; baseline -0.002 -9"><span class='ocrx_word' id='word_1_108' title='bbox 188 1427 256 1484; x_wconf 88' lang='lat' dir='ltr'><strong>queis</strong></span> <span class='ocrx_word' id='word_1_109' title='bbox 265 1428 355 1475; x_wconf 86' lang='lat' dir='ltr'><strong>innexa</strong></span> <span class='ocrx_word' id='word_1_110' title='bbox 363 1427 448 1483; x_wconf 90' lang='lat' dir='ltr'><strong>pedem</strong></span> <span class='ocrx_word' id='word_1_111' title='bbox 457 1426 521 1473; x_wconf 84' lang='lat' dir='ltr'><strong>malo</strong></span> <span class='ocrx_word' id='word_1_112' title='bbox 530 1427 651 1483; x_wconf 81' lang='lat' dir='ltr'><strong>pendebat</strong></span> <span class='ocrx_word' id='word_1_113' title='bbox 660 1427 692 1474; x_wconf 88' lang='lat' dir='ltr'><strong>ab</strong></span> <span class='ocrx_word' id='word_1_114' title='bbox 702 1426 753 1474; x_wconf 89' lang='lat' dir='ltr'><strong>alto</strong></span> <span class='ocrx_word' id='word_1_115' title='bbox 761 1446 768 1484; x_wconf 71' lang='grc' dir='ltr'><strong><em>ς</em></strong></span> 
     </span>
     <span class='ocr_line' id='line_1_20' title="bbox 187 1493 755 1552; baseline -0.004 -8"><span class='ocrx_word' id='word_1_116' title='bbox 187 1496 231 1544; x_wconf 84' lang='lat' dir='ltr'><strong>illa</strong></span> <span class='ocrx_word' id='word_1_117' title='bbox 239 1498 309 1544; x_wconf 86' lang='lat' dir='ltr'><strong>notos</strong></span> <span class='ocrx_word' id='word_1_118' title='bbox 319 1498 391 1552; x_wconf 85' lang='lat' dir='ltr'><strong>atque</strong></span> <span class='ocrx_word' id='word_1_119' title='bbox 400 1495 452 1542; x_wconf 80' lang='lat' dir='ltr'><strong>alta</strong></span> <span class='ocrx_word' id='word_1_120' title='bbox 461 1493 544 1541; x_wconf 86' lang='lat' dir='ltr'><strong>volans</strong></span> <span class='ocrx_word' id='word_1_121' title='bbox 553 1495 579 1541; x_wconf 87' lang='lat' dir='ltr'><strong>in</strong></span> <span class='ocrx_word' id='word_1_122' title='bbox 588 1495 672 1542; x_wconf 87' lang='lat' dir='ltr'><strong>nubila</strong></span> <span class='ocrx_word' id='word_1_123' title='bbox 681 1494 755 1552; x_wconf 73' lang='lat' dir='ltr'><strong>fugit.</strong></span> 
     </span>
     <span class='ocr_line' id='line_1_21' title="bbox 189 1563 815 1621; baseline 0 -9"><span class='ocrx_word' id='word_1_124' title='bbox 189 1565 253 1612; x_wconf 84' lang='lat' dir='ltr'><strong>Tum</strong></span> <span class='ocrx_word' id='word_1_125' title='bbox 262 1564 370 1621; x_wconf 86' lang='lat' dir='ltr'><strong>rapidus,</strong></span> <span class='ocrx_word' id='word_1_126' title='bbox 380 1563 522 1611; x_wconf 89' lang='lat' dir='ltr'><strong>iamdudum</strong></span> <span class='ocrx_word' id='word_1_127' title='bbox 532 1579 592 1610; x_wconf 87' lang='lat' dir='ltr'><strong>arou</strong></span> <span class='ocrx_word' id='word_1_128' title='bbox 601 1564 718 1611; x_wconf 86' lang='lat' dir='ltr'><strong>contenta</strong></span> <span class='ocrx_word' id='word_1_129' title='bbox 728 1566 815 1618; x_wconf 85' lang='lat' dir='ltr'><strong>parato</strong></span> 
     </span>
     <span class='ocr_line' id='line_1_22' title="bbox 187 1631 798 1688; baseline -0.003 -8"><span class='ocrx_word' id='word_1_130' title='bbox 187 1632 239 1680; x_wconf 82' lang='lat' dir='ltr'><strong>tela</strong></span> <span class='ocrx_word' id='word_1_131' title='bbox 246 1635 341 1688; x_wconf 86' lang='lat' dir='ltr'><strong>tenens,</strong></span> <span class='ocrx_word' id='word_1_132' title='bbox 352 1633 454 1680; x_wconf 83' lang='lat' dir='ltr'><strong>fratrem</strong></span> <span class='ocrx_word' id='word_1_133' title='bbox 463 1631 583 1688; x_wconf 80' lang='lat' dir='ltr'><strong>Eurytion</strong></span> <span class='ocrx_word' id='word_1_134' title='bbox 592 1632 618 1677; x_wconf 91' lang='lat' dir='ltr'><strong>in</strong></span> <span class='ocrx_word' id='word_1_135' title='bbox 627 1633 685 1678; x_wconf 83' lang='lat' dir='ltr'><strong>vota</strong></span> <span class='ocrx_word' id='word_1_136' title='bbox 694 1632 798 1688; x_wconf 83' lang='lat' dir='ltr'><strong>vocavit,</strong></span> 
     </span>
     <span class='ocr_line' id='line_1_23' title="bbox 186 1699 740 1757; baseline -0.004 -9"><span class='ocrx_word' id='word_1_137' title='bbox 186 1699 237 1748; x_wconf 86' lang='lat' dir='ltr'><strong>iam</strong></span> <span class='ocrx_word' id='word_1_138' title='bbox 246 1715 322 1747; x_wconf 78' lang='lat' dir='ltr'><strong>vacuo</strong></span> <span class='ocrx_word' id='word_1_139' title='bbox 331 1700 420 1747; x_wconf 87' lang='lat' dir='ltr'><strong>laetam</strong></span> <span class='ocrx_word' id='word_1_140' title='bbox 430 1701 495 1748; x_wconf 84' lang='lat' dir='ltr'><strong>eaelo</strong></span> <span class='ocrx_word' id='word_1_141' title='bbox 505 1700 650 1757; x_wconf 80' lang='lat' dir='ltr'><strong>speculatus,</strong></span> <span class='ocrx_word' id='word_1_142' title='bbox 661 1702 686 1747; x_wconf 89' lang='lat' dir='ltr'><strong>et</strong></span> <span class='ocrx_word' id='word_1_143' title='bbox 696 1700 740 1747; x_wconf 83' lang='lat' dir='ltr'><strong>alis</strong></span> 
     </span>
     <span class='ocr_line' id='line_1_24' title="bbox 188 1768 769 1827; baseline 0.002 -12"><span class='ocrx_word' id='word_1_144' title='bbox 188 1768 343 1825; x_wconf 72' lang='lat' dir='ltr'><strong>plaudentem</strong></span> <span class='ocrx_word' id='word_1_145' title='bbox 353 1768 424 1824; x_wconf 75' lang='lat' dir='ltr'><strong>niqra</strong></span> <span class='ocrx_word' id='word_1_146' title='bbox 433 1769 488 1827; x_wconf 84' lang='lat' dir='ltr'><strong>figit</strong></span> <span class='ocrx_word' id='word_1_147' title='bbox 497 1769 542 1816; x_wconf 87' lang='lat' dir='ltr'><strong>sub</strong></span> <span class='ocrx_word' id='word_1_148' title='bbox 551 1768 615 1815; x_wconf 88' lang='lat' dir='ltr'><strong>nube</strong></span> <span class='ocrx_word' id='word_1_149' title='bbox 625 1768 769 1816; x_wconf 80' lang='lat' dir='ltr'><strong>columbam.</strong></span> 
     </span>
     <span class='ocr_line' id='line_1_25' title="bbox 189 1835 768 1893; baseline -0.002 -8"><span class='ocrx_word' id='word_1_150' title='bbox 189 1836 285 1885; x_wconf 81' lang='lat' dir='ltr'><strong>Decidit</strong></span> <span class='ocrx_word' id='word_1_151' title='bbox 295 1835 411 1883; x_wconf 84' lang='lat' dir='ltr'><strong>exanimis</strong></span> <span class='ocrx_word' id='word_1_152' title='bbox 421 1838 543 1893; x_wconf 82' lang='lat' dir='ltr'><strong>vitamque</strong></span> <span class='ocrx_word' id='word_1_153' title='bbox 553 1837 650 1892; x_wconf 87' lang='lat' dir='ltr'><strong>reliquit</strong></span> <span class='ocrx_word' id='word_1_154' title='bbox 660 1837 685 1884; x_wconf 92' lang='lat' dir='ltr'><strong>in</strong></span> <span class='ocrx_word' id='word_1_155' title='bbox 695 1836 768 1884; x_wconf 85' lang='lat' dir='ltr'><strong>astris</strong></span> 
     </span>
     <span class='ocr_line' id='line_1_26' title="bbox 189 1904 759 1962; baseline 0 -9"><span class='ocrx_word' id='word_1_156' title='bbox 189 1904 301 1953; x_wconf 80' lang='lat' dir='ltr'><strong>aetheriis</strong></span> <span class='ocrx_word' id='word_1_157' title='bbox 311 1904 430 1961; x_wconf 82' lang='lat' dir='ltr'><strong>fixamque</strong></span> <span class='ocrx_word' id='word_1_158' title='bbox 440 1906 516 1953; x_wconf 81' lang='lat' dir='ltr'><strong>refert</strong></span> <span class='ocrx_word' id='word_1_159' title='bbox 526 1906 624 1961; x_wconf 88' lang='lat' dir='ltr'><strong>delapsa</strong></span> <span class='ocrx_word' id='word_1_160' title='bbox 633 1907 759 1962; x_wconf 75' lang='lat' dir='ltr'><strong>sagittam.</strong></span> 
     </span>
     <span class='ocr_line' id='line_1_27' title="bbox 188 1972 714 2031; baseline -0.004 -8"><span class='ocrx_word' id='word_1_161' title='bbox 188 1974 285 2023; x_wconf 87' lang='lat' dir='ltr'><strong>Amissa</strong></span> <span class='ocrx_word' id='word_1_162' title='bbox 295 1972 358 2020; x_wconf 84' lang='lat' dir='ltr'><strong>solus</strong></span> <span class='ocrx_word' id='word_1_163' title='bbox 368 1973 449 2028; x_wconf 86' lang='lat' dir='ltr'><strong>palma</strong></span> <span class='ocrx_word' id='word_1_164' title='bbox 459 1974 589 2030; x_wconf 87' lang='lat' dir='ltr'><strong>superabat</strong></span> <span class='ocrx_word' id='word_1_165' title='bbox 599 1975 699 2021; x_wconf 81' lang='lat' dir='ltr'><strong>Acestes</strong></span> <span class='ocrx_word' id='word_1_166' title='bbox 708 1993 714 2031; x_wconf 90' lang='lat'><strong>;</strong></span> 
     </span>
     <span class='ocr_line' id='line_1_28' title="bbox 140 2043 757 2109; baseline -0.003 -18"><span class='ocrx_word' id='word_1_167' title='bbox 140 2069 178 2109; x_wconf 79' lang='lat'><strong>⁵²0</strong></span> <span class='ocrx_word' id='word_1_168' title='bbox 189 2045 230 2102; x_wconf 90' lang='lat' dir='ltr'><strong>qui</strong></span> <span class='ocrx_word' id='word_1_169' title='bbox 239 2045 322 2090; x_wconf 82' lang='lat' dir='ltr'><strong>tamen</strong></span> <span class='ocrx_word' id='word_1_170' title='bbox 331 2043 409 2090; x_wconf 87' lang='lat' dir='ltr'><strong>a&#39;e&#39;rias</strong></span> <span class='ocrx_word' id='word_1_171' title='bbox 418 2043 496 2089; x_wconf 89' lang='lat' dir='ltr'><strong>telum</strong></span> <span class='ocrx_word' id='word_1_172' title='bbox 506 2043 630 2089; x_wconf 84' lang='lat' dir='ltr'><strong>contendit</strong></span> <span class='ocrx_word' id='word_1_173' title='bbox 640 2043 666 2088; x_wconf 91' lang='lat' dir='ltr'><strong>in</strong></span> <span class='ocrx_word' id='word_1_174' title='bbox 676 2058 757 2098; x_wconf 83' lang='lat' dir='ltr'><strong>auras,</strong></span> 
     </span>
    </p>

    <p class='ocr_par' dir='ltr' id='par_1_3' title="bbox 155 2112 844 2444">
     <span class='ocr_line' id='line_1_29' title="bbox 155 2112 810 2166; baseline -0.008 -3"><span class='ocrx_word' id='word_1_175' title='bbox 155 2157 158 2162; x_wconf 95' lang='lat'>.</span> <span class='ocrx_word' id='word_1_176' title='bbox 189 2115 313 2162; x_wconf 86' lang='lat' dir='ltr'><strong>ostentans</strong></span> <span class='ocrx_word' id='word_1_177' title='bbox 323 2113 446 2166; x_wconf 86' lang='lat' dir='ltr'><strong>artemque</strong></span> <span class='ocrx_word' id='word_1_178' title='bbox 456 2113 526 2166; x_wconf 84' lang='lat' dir='ltr'><strong>peter</strong></span> <span class='ocrx_word' id='word_1_179' title='bbox 536 2126 664 2166; x_wconf 85' lang='lat' dir='ltr'><strong>areamque</strong></span> <span class='ocrx_word' id='word_1_180' title='bbox 675 2112 810 2158; x_wconf 91' lang='lat' dir='ltr'><strong>sonantem.</strong></span> 
     </span>
     <span class='ocr_line' id='line_1_30' title="bbox 190 2178 828 2234; baseline -0.013 -3"><span class='ocrx_word' id='word_1_181' title='bbox 190 2183 239 2230; x_wconf 86' lang='lat' dir='ltr'><strong>Hie</strong></span> <span class='ocrx_word' id='word_1_182' title='bbox 249 2181 323 2230; x_wconf 89' lang='lat' dir='ltr'><strong>oeulis</strong></span> <span class='ocrx_word' id='word_1_183' title='bbox 333 2180 440 2228; x_wconf 89' lang='lat' dir='ltr'><strong>subitum</strong></span> <span class='ocrx_word' id='word_1_184' title='bbox 450 2179 561 2225; x_wconf 79' lang='lat' dir='ltr'><strong>obiicitur</strong></span> <span class='ocrx_word' id='word_1_185' title='bbox 571 2194 704 2234; x_wconf 77' lang='lat' dir='ltr'><strong>magnoque</strong></span> <span class='ocrx_word' id='word_1_186' title='bbox 714 2178 828 2224; x_wconf 81' lang='lat' dir='ltr'><strong>futurum</strong></span> 
     </span>
     <span class='ocr_line' id='line_1_31' title="bbox 189 2246 805 2310; baseline -0.015 -10"><span class='ocrx_word' id='word_1_187' title='bbox 189 2252 291 2310; x_wconf 76' lang='lat' dir='ltr'><strong>augurio</strong></span> <span class='ocrx_word' id='word_1_188' title='bbox 300 2250 434 2297; x_wconf 88' lang='lat' dir='ltr'><strong>monstrum</strong></span> <span class='ocrx_word' id='word_1_189' title='bbox 444 2268 449 2294; x_wconf 74' lang='grc' dir='ltr'><strong>ι</strong></span> <span class='ocrx_word' id='word_1_190' title='bbox 466 2247 547 2294; x_wconf 80' lang='lat' dir='ltr'><strong>docuit</strong></span> <span class='ocrx_word' id='word_1_191' title='bbox 558 2248 612 2302; x_wconf 85' lang='lat' dir='ltr'><strong>post</strong></span> <span class='ocrx_word' id='word_1_192' title='bbox 622 2246 701 2294; x_wconf 81' lang='lat' dir='ltr'><strong>exitus</strong></span> <span class='ocrx_word' id='word_1_193' title='bbox 711 2246 805 2302; x_wconf 81' lang='lat' dir='ltr'><strong>ingens,</strong></span> 
     </span>
     <span class='ocr_line' id='line_1_32' title="bbox 189 2315 720 2376; baseline -0.017 -7"><span class='ocrx_word' id='word_1_194' title='bbox 189 2336 289 2376; x_wconf 85' lang='lat' dir='ltr'><strong>seraque</strong></span> <span class='ocrx_word' id='word_1_195' title='bbox 298 2316 397 2366; x_wconf 86' lang='lat' dir='ltr'><strong>terrifici</strong></span> <span class='ocrx_word' id='word_1_196' title='bbox 406 2315 544 2363; x_wconf 81' lang='lat' dir='ltr'><strong>cecinerunt</strong></span> <span class='ocrx_word' id='word_1_197' title='bbox 554 2315 635 2361; x_wconf 87' lang='lat' dir='ltr'><strong>omina</strong></span> <span class='ocrx_word' id='word_1_198' title='bbox 644 2316 720 2361; x_wconf 86' lang='lat' dir='ltr'><strong>vates.</strong></span> 
     </span>
     <span class='ocr_line' id='line_1_33' title="bbox 190 2382 844 2444; baseline -0.014 -7"><span class='ocrx_word' id='word_1_199' title='bbox 190 2390 300 2444; x_wconf 83' lang='lat' dir='ltr'><strong>Namque</strong></span> <span class='ocrx_word' id='word_1_200' title='bbox 309 2386 392 2434; x_wconf 85' lang='lat' dir='ltr'><strong>volans</strong></span> <span class='ocrx_word' id='word_1_201' title='bbox 402 2383 497 2440; x_wconf 85' lang='lat' dir='ltr'><strong>liquidis</strong></span> <span class='ocrx_word' id='word_1_202' title='bbox 506 2383 532 2430; x_wconf 93' lang='lat' dir='ltr'><strong>in</strong></span> <span class='ocrx_word' id='word_1_203' title='bbox 541 2383 645 2430; x_wconf 90' lang='lat' dir='ltr'><strong>nubibus</strong></span> <span class='ocrx_word' id='word_1_204' title='bbox 655 2383 715 2430; x_wconf 87' lang='lat' dir='ltr'><strong>arsit</strong></span> <span class='ocrx_word' id='word_1_205' title='bbox 724 2382 844 2440; x_wconf 87' lang='lat' dir='ltr'><strong>harundo,</strong></span> 
     </span>
    </p>
   </div>
   <div class='ocr_carea' id='block_1_3' title="bbox 190 2451 777 2572">
    <p class='ocr_par' dir='ltr' id='par_1_4' title="bbox 190 2451 777 2572">
     <span class='ocr_line' id='line_1_34' title="bbox 190 2451 777 2572; baseline -0.012 -68"><span class='ocrx_word' id='word_1_206' title='bbox 190 2456 340 2572; x_wconf 49' lang='lat' dir='ltr'><strong>signavitque</strong></span> <span class='ocrx_word' id='word_1_207' title='bbox 350 2455 415 2502; x_wconf 81' lang='lat' dir='ltr'><strong>viam</strong></span> <span class='ocrx_word' id='word_1_208' title='bbox 425 2452 528 2500; x_wconf 84' lang='lat' dir='ltr'><strong>flammis</strong></span> <span class='ocrx_word' id='word_1_209' title='bbox 538 2452 669 2508; x_wconf 83' lang='lat' dir='ltr'><strong>tenuesque</strong></span> <span class='ocrx_word' id='word_1_210' title='bbox 678 2451 777 2500; x_wconf 87' lang='lat' dir='ltr'><strong>reoessit</strong></span> 
     </span>
     <span class='ocr_line' id='line_1_35' title="bbox 254 2525 290 2562; baseline 0.028 -1"><span class='ocrx_word' id='word_1_211' title='bbox 254 2525 290 2562; x_wconf 82' lang='lat'><strong>226</strong></span> 
     </span>
    </p>
   </div>
   <div class='ocr_carea' id='block_1_4' title="bbox 0 0 1001 3164">
    <p class='ocr_par' dir='ltr' id='par_1_5' title="bbox 0 0 1001 3164">
     <span class='ocr_line' id='line_1_36' title="bbox 0 0 1001 3164; baseline 0 0"><span class='ocrx_word' id='word_1_212' title='bbox 0 0 1001 3164; x_wconf 95' lang='lat' dir='ltr'><strong> </strong></span> 
     </span>
    </p>
   </div>
  </div>
 </body>
</html>
