1972 3164
306 167 417 209 AENEIS.
442 169 487 208 VII

58 277 127 320 quos,
137 262 257 313 Amasene
266 266 344 320 puter.
374 266 431 314 Non
440 267 488 314 illis
497 267 607 315 omnibus
617 283 694 326 erma,

57 346 104 380 nec
113 330 183 388 clipei
192 348 308 382 currusve
317 335 405 382 sonant
417 355 423 382 ι
439 350 495 390 pars
506 335 611 384 maxime
620 337 719 393 glandes

57 399 157 448 liventis
166 400 259 456 plumbi
268 402 369 460 spargit,
380 418 437 459 pars
447 403 539 459 spicula
548 406 630 461 gestat

57 468 117 517 bina
126 484 209 528 manu,
219 469 345 527 fulvosque
352 471 403 528 lupi
414 472 443 520 dc
453 472 514 528 pelle
524 473 618 530 galeros

57 538 158 595 nemon
164 538 255 587 habent
264 540 346 598 capiti,
354 541 457 599 vestigia
466 541 533 588 nuda
542 541 635 589 sinistri

10 606 188 664 eqoinsffiuere
197 608 272 666 pedis,
283 610 372 656 crudus
382 609 532 666 tegitaltera
541 625 607 666 pero.
740 655 743 661 .

87 675 124 723 nt
133 676 261 733 Messapus
270 691 358 733 equum
367 678 477 735 domitor,
488 678 614 735 Neptunia
623 680 711 738 proles,

57 758 132 800 quem
141 759 217 800 neque
227 745 265 792 fas
274 745 327 802 igni
336 745 446 802 cuiquam
456 762 501 794 nec
510 749 618 795 sternere
625 748 699 806 ferro,

58 812 109 859 iam
119 812 212 868 pridem
221 813 311 861 resides
320 813 421 870 populos
431 815 575 871 desuetaque
585 816 648 871 bello

58 876 159 934 ugmirm
166 877 193 924 in
202 893 271 926 arma
280 880 351 926 vocet
360 878 440 927 subito
448 879 587 936 ferrumque
596 882 724 929 retractet.

59 945 96 992 Hi
105 945 267 994 Fescenninus
276 947 339 995 ecies
348 947 491 1010 Aequosque
498 948 613 1006 Faliscos,

59 1013 96 1061 Hi
106 1012 213 1061 Soractis
221 1014 313 1062 habent
320 1030 388 1063 arces
397 1015 554 1072 Flaviniaque
563 1033 623 1064 arva

59 1083 86 1129 et
96 1081 184 1129 C1mini
193 1098 248 1130 cum
258 1086 340 1131 monte
349 1083 430 1131 lacum
439 1084 551 1140 lucosque
562 1085 679 1141 Capenos.

59 1149 136 1197 Ibunt
144 1152 242 1207 aequati
251 1167 352 1200 numero
360 1147 487 1209 regemque
496 1153 624 1210 canebant,

60 1233 105 1266 ceu
115 1219 236 1275 quondam
245 1220 309 1268 nivei
318 1221 408 1276 liquide
416 1221 482 1268 inter
491 1221 574 1268 nubila
583 1222 660 1279 cycni,

10 1312 51 1354 7⁰⁰
61 1302 118 1336 cum
128 1302 180 1335 sese
188 1302 202 1335 e
210 1290 284 1344 pastu
293 1289 404 1337 referunt
413 1291 438 1337 et
447 1289 521 1346 longa
530 1305 630 1337 canoros

60 1356 122 1404 daut
132 1371 176 1413 per
184 1356 247 1406 colla
256 1357 347 1416 modos,
358 1360 429 1406 sonat
439 1357 517 1405 amnis
527 1359 552 1405 et
562 1357 622 1404 Asia
630 1357 701 1414 longe

60 1425 133 1482 pulsa
141 1425 220 1482 palus.
337 1476 340 1482 ⁴

60 1494 115 1542 Nec
123 1494 250 1552 quisquam
259 1497 356 1542 aeratas
366 1495 429 1544 acics
439 1511 469 1544 ex
478 1495 575 1554 agmine
586 1497 656 1542 tanto

60 1562 157 1610 misceri
166 1564 244 1620 putet,
254 1563 345 1610 aeriam
355 1564 397 1611 scd
406 1564 503 1622 gurgite
512 1563 543 1610 ab
552 1563 604 1610 alto

60 1630 145 1688 urgeri
153 1631 279 1678 volucrum
289 1647 418 1679 raucarum
428 1632 460 1679 ad
472 1632 545 1678 litora
554 1630 653 1678 nubem.

91 1699 155 1747 Ecce
166 1698 308 1746 Sabinorum
318 1700 397 1755 prisco
407 1700 436 1747 de
446 1700 563 1757 sanguine
572 1715 689 1757 magnum

62 1782 228 1826 ugmenagens
236 1767 340 1815 Clausus
349 1768 477 1824 magnique
483 1769 534 1824 ipse
541 1769 644 1826 agminis
651 1768 738 1825 instar,

62 1833 166 1882 Claudia
176 1850 323 1891 nuncuquo
332 1836 481 1883 diffunditur
490 1839 515 1884 et
526 1837 604 1884 tribus
614 1839 639 1885 et
648 1852 707 1894 gens
836 1894 842 1905 .

62 1919 108 1961 per
129 1903 237 1961 latium,
257 1905 387 1960 postquam
411 1905 437 1952 in
461 1907 556 1961 purtem
580 1906 639 1953 data
662 1907 742 1952 Roma

121 1971 225 2020 Sabinis.
721 1986 724 1990 '

10 2059 53 2100 7¹0
64 2042 123 2090 Una
131 2041 217 2100 ingens
226 2042 355 2090 Amiterna
365 2042 448 2090 cohors
458 2042 577 2098 priscique
587 2041 702 2099 Quirites,

64 2110 135 2159 Ereti
144 2126 231 2158 manus
240 2111 317 2158 omnis
326 2112 495 2167 oliviferaeque
504 2112 633 2158 Mutuscae
643 2129 648 2166 ;

64 2178 107 2236 qui
115 2179 266 2227 Nomentum
275 2180 369 2237 urbem,
379 2180 421 2236 qui
430 2180 509 2227 Rosea
518 2195 578 2226 rurs
586 2178 675 2234 Velini,

63 2247 107 2304 qni
117 2247 227 2295 Tetricae
236 2247 357 2295 horrentis
367 2263 440 2303 rupes
451 2249 602 2302 montemque
613 2247 727 2295 Severum

65 2315 251 2372 Casperiamque
255 2315 608 2371 coluntForulosqueetflumen
613 2314 742 2372 Himellae,

65 2385 108 2441 qui
117 2383 224 2432 Tiberim
234 2384 394 2440 Fabarimque
403 2383 499 2441 bibunt,
510 2398 568 2439 quos
577 2382 668 2440 frigida
676 2382 742 2430 mmit

65 2454 167 2510 Nursia,
177 2455 203 2501 et
212 2453 334 2514 Hortinae
343 2453 432 2502 classes
441 2452 570 2509 populique
579 2450 671 2508 Latini,
740 2501 743 2506 ,

114 2520 186 2570 (2⁸9)
394 2530 409 2560 Κ
