1972 3164
407 171 557 213 GEORGICA.
582 174 618 212 111

170 269 301 326 temperat,
312 269 338 316 et
347 269 425 316 saltus
434 269 513 317 reficit
522 269 572 317 iam
581 270 676 317 roscida
684 269 750 326 luna,

169 337 290 392 litoraque
300 336 425 393 alcyonem
435 338 559 394 resonant,
570 337 726 384 acalanthida
735 338 809 386 dumi.

198 405 262 462 Quid
271 405 316 452 tibi
326 408 435 461 pastores
446 403 545 462 Libyae,
556 405 614 460 quid
623 421 713 461 pascua
721 421 793 453 versu

122 491 160 528 3⁴0
171 488 304 530 prosequar
313 474 338 520 ct
347 473 409 520 raris
419 473 531 520 habitata
540 473 646 529 mapalia
655 474 742 521 tectis?

172 542 250 597 Saepe
258 541 321 588 diem
331 543 472 597 noctemque
482 543 507 589 ct
517 543 596 588 totum
606 557 636 589 ex
646 542 731 589 ordine
741 557 848 590 mensem

171 610 282 667 pasoitur
290 610 357 665 itqqe
367 625 439 666 pecus
448 610 523 668 longa
531 610 558 656 in
567 610 664 657 deserta
674 610 725 657 sine
734 611 789 657 ullis

171 678 296 734 hospitiis:
312 680 410 725 tantum
420 678 499 734 campi
508 679 579 726 iacet.
609 678 698 726 Omnia
707 695 789 726 secum

171 747 335 794 armentarius
344 746 406 792 Afer
415 747 475 803 agit,
485 748 625 802 tectumque
634 746 759 803 laremque

172 830 287 870 armaque
294 814 500 870 Amyclaeumque
506 829 590 862 canem
597 816 755 870 Cressamque
763 816 849 871 phare·

172 966 222 998 non
232 966 299 998 secus
310 966 338 998 ac
348 950 435 1006 patriis
446 966 502 998 acer
510 951 635 998 &manus
645 951 671 998 in
681 952 755 999 armis

171 1019 263 1066 iniusto
273 1019 318 1066 sub
327 1019 392 1067 fasce
402 1020 466 1065 viam
477 1035 531 1066 cum
542 1020 628 1078 carpit,
639 1021 664 1068 et
674 1021 738 1067 hosti

173 1089 231 1134 ante
240 1089 407 1143 exspectatum
417 1087 501 1143 positis
511 1089 562 1134 stat
570 1087 596 1134 in
605 1088 701 1144 agmine
712 1089 805 1136 castris.
849 1111 854 1120 ·

203 1157 238 1202 At
248 1171 296 1202 non
306 1171 355 1210 qua
365 1156 478 1212 Scythiae
488 1158 573 1213 gentes
582 1157 734 1212 Maeotiaque
744 1157 817 1213 unda,

123 1245 162 1283 350
173 1224 287 1271 turbidus
297 1226 322 1271 at
332 1226 447 1280 torquens
457 1225 574 1272 flaventes
583 1225 670 1271 Hister
679 1225 791 1282 harenas,

174 1307 268 1349 quaque
277 1293 341 1340 redit
351 1293 456 1340 medium
464 1293 580 1348 Rhodope
589 1294 702 1348 porrecta
711 1292 757 1339 suh
766 1307 843 1340 axem.

175 1361 231 1408 Illic
241 1361 324 1408 clausa
333 1362 418 1408 tenent
429 1360 531 1407 stabulis
541 1362 661 1416 armenta,
671 1374 747 1414 neque
756 1359 820 1407 ullae

175 1430 219 1476 aut
229 1428 317 1476 herbae
330 1444 415 1484 eampo
425 1430 546 1484 apparent
555 1428 600 1474 aut
609 1427 694 1474 arbore
704 1427 801 1474 ftondcs
810 1446 817 1485 ς

175 1497 218 1544 sed
227 1497 290 1544 iacet
299 1496 428 1555 aggeribus
438 1496 514 1543 niveis
524 1495 636 1542 informis
645 1496 670 1542 et
680 1495 731 1542 alto

175 1567 242 1612 terra
251 1564 307 1621 gelu
316 1565 374 1622 late,
385 1567 525 1620 septemque
535 1563 642 1620 assurgit
652 1563 678 1610 in
688 1564 766 1611 ulnas.

176 1634 276 1689 Semper
285 1634 386 1690 hiemps,
397 1648 492 1689 semper
501 1633 621 1689 spirantes
631 1631 724 1688 frigora
734 1633 815 1681 Cauri.

176 1702 239 1748 Tum
249 1703 285 1749 sol
295 1703 413 1758 pallentes
424 1702 490 1750 haud
499 1716 614 1758 umquam
625 1701 724 1749 discutit
733 1701 840 1759 umbras,

176 1786 221 1818 nee
234 1786 289 1818 enm
302 1771 412 1818 invectus
428 1771 494 1826 equis
510 1771 588 1818 altum
605 1769 668 1826 petit
683 1770 791 1827 aethera,
807 1786 851 1818 nec

234 1853 289 1885 eum

176 1905 333 1962 praeeipitem
344 1906 434 1954 Oceani
443 1906 517 1953 rubro
525 1906 586 1953 lavit
596 1921 698 1962 aequore
708 1921 815 1953 currum.

127 1986 165 2032 360
178 1975 341 2023 Conmescunt
350 1974 444 2022 subitae
454 1974 563 2022 currenti
572 1974 599 2020 in
608 1974 708 2029 flumine
718 1975 824 2030 crustae,

177 2043 289 2098 undaque
298 2042 347 2088 iam
357 2043 427 2098 tergo
437 2042 540 2090 ferratos
550 2043 653 2090 sustinet
662 2043 739 2099 orbes,

177 2110 298 2168 puppibus
307 2111 350 2157 illa
359 2111 435 2168 prius,
444 2111 533 2167 patulis
543 2127 608 2158 nune
617 2111 713 2166 hospita
723 2109 838 2165 plaustris
845 2127 852 2166 3

177 2195 280 2236 aeraque
289 2179 411 2226 dissiliunt
420 2180 502 2237 vulgo,
512 2181 638 2234 vestesque
648 2179 774 2236 rigescunt

177 2249 285 2305 indutae,
297 2249 446 2303 caeduntqqe
456 2248 579 2295 securibus
589 2248 671 2293 umida
680 2246 746 2301 vina,

178 2320 204 2366 et
212 2319 280 2364 totae
290 2317 391 2364 solidam
400 2316 425 2363 in
435 2317 536 2373 glaciem
546 2317 640 2363 vertere
650 2315 760 2369 mennae,

178 2385 293 2440 stiriaque
303 2384 403 2440 impexis
412 2385 521 2432 induruit
530 2384 631 2432 horrida
639 2381 729 2430 barbis.

179 2455 279 2501 Interea
287 2455 340 2501 toto
349 2469 397 2500 non
407 2453 482 2501 setius
491 2451 548 2500 abre
557 2450 668 2507 ninguit=

229 2521 238 2570 (
248 2521 289 2570 ⁸⁵)
