1972 3164
314 180 425 222 AENEIS.
451 184 482 222 IX

58 273 168 329 Neptuni
177 274 299 325 febriente
308 294 382 326 manu
396 280 519 328 considere
527 281 553 328 in
562 281 630 338 ignes
639 285 649 330 ἓ

58 342 98 390 Sic
108 358 158 400 vos,
169 344 259 402 electi,
270 345 337 393 ferro
346 347 399 403 quis
409 347 518 395 scindere
527 349 618 396 vellum

57 414 171 469 apparot,
182 416 207 460 et
217 429 312 461 mecum
322 415 416 463 invadit
425 417 575 473 trepidantia
585 420 682 467 eostre?

57 478 115 526 Non
125 481 199 528 ermis
209 483 269 529 mihi
279 483 392 541 Vulcani,
403 500 451 532 non
461 485 526 534 mille
536 487 625 542 earinis

57 549 96 594 est
105 563 165 604 opus
175 550 200 596 in
211 550 332 607 Teucros:
346 552 438 600 addunt
448 569 474 600 se
483 555 594 610 protinus
604 571 687 604 omnes

11 632 48 671 150
58 615 159 664 Etrusci
169 619 244 666 socios
254 640 260 667 ι
272 620 385 668 tenebras
395 623 420 669 et
429 622 517 669 inertis
526 623 595 672 furtu

58 685 170 743 Palladii,
181 688 256 735 caesis
266 704 374 737 summae
384 690 522 738 custodibus
531 692 603 749 ercis,

56 768 88 801 ne
97 755 210 813 timeant,
220 772 265 805 nec
274 758 328 814 equi
337 773 409 806 coece
418 759 549 806 condemur
557 761 583 807 in
593 761 648 809 alvo
658 781 664 809 ε

57 822 111 869 luce
121 824 201 878 polam
211 827 305 872 certum
315 827 353 874 est
361 826 413 882 igni
422 827 570 875 circumdare
580 844 670 876 muros.

57 890 133 939 Haud
143 892 187 939 sibi
197 907 252 940 cum
262 893 355 941 Densis
365 910 417 942 rem
426 895 483 942 fuxo
492 897 518 943 et
527 896 590 952 pube
600 897 705 955 Pelasgo

56 974 109 1007 esse
121 960 211 1019 ferant,
227 962 347 1010 decimum
360 979 419 1020 quos
434 964 529 1012 distulit
543 964 641 1013 Hector
651 966 677 1012 in
693 982 735 1012 sn-

113 1045 180 1078 num.

56 1097 130 1145 Nune
139 1099 207 1157 odeo,
217 1100 302 1149 melior
311 1101 423 1157 quoniam
433 1117 490 1159 pers
501 1103 557 1150 scta
566 1103 621 1159 diei,

57 1167 121 1223 quod
131 1170 247 1227 superest,
258 1169 317 1218 loeti
326 1170 387 1218 bene
396 1171 471 1227 gestis
481 1185 582 1226 corpore
591 1171 665 1217 rebus

57 1239 194 1294 procurate,
204 1238 258 1295 viri,
268 1239 293 1285 et
303 1254 410 1295 pugnum
421 1240 517 1294 sperate
528 1238 626 1294 parari?

57 1303 158 1352 Interes
166 1305 266 1362 vigilum
275 1306 381 1354 excubiis
391 1305 500 1353 obsidere
509 1307 594 1362 portus

11 1382 48 1422 160
58 1385 119 1418 euro
127 1372 201 1419 detur
209 1373 322 1429 Messapo
331 1376 356 1421 et
366 1374 461 1422 moenia
471 1374 566 1430 cingere
576 1375 681 1421 flammis
690 1393 696 1430 ς

57 1440 95 1487 bis
105 1444 197 1496 septem
206 1441 302 1501 Rutuli,
313 1457 395 1489 muros
405 1442 446 1498 qui
456 1441 533 1490 milite
543 1444 651 1498 servent,

56 1509 161 1567 delecti;
176 1511 214 1556 est
224 1509 277 1557 illos
287 1510 382 1558 centeni
392 1525 508 1566 quemque
519 1511 655 1566 sequuntur

56 1579 174 1635 purpurei
183 1578 263 1626 cristis
272 1579 370 1627 iuvenes
380 1581 486 1635 auroque
496 1579 597 1626 corusci.

56 1646 206 1695 Discurrunt
215 1647 358 1704 varientque
367 1648 439 1705 vices,
450 1648 545 1703 fusique
554 1662 598 1703 per
606 1647 707 1694 herbum

56 1715 184 1774 indulgent
193 1717 250 1764 vino
259 1718 285 1764 et
294 1719 394 1764 vertunt
404 1719 512 1765 crateres
522 1720 602 1764 aenos.

56 1783 184 1833 Collucent
194 1785 271 1842 ignes,
281 1787 376 1833 noctem
386 1786 495 1834 custodie
504 1786 570 1833 ducit

55 1855 190 1902 insomnem
199 1853 264 1901 ludo.

85 1922 155 1970 Haec
164 1937 237 1978 super
246 1937 260 1969 e
269 1923 333 1971 vello
342 1925 498 1979 prospectant
508 1924 583 1971 Troes
593 1926 618 1971 et
629 1923 704 1971 ermis

56 1990 110 2037 ulte
118 1992 212 2048 tenent,
223 2006 268 2038 nec
282 2006 330 2038 non
339 1992 427 2047 trepidi
436 1992 564 2038 formidine
574 1994 658 2047 portus

9 2086 46 2124 ¹70
56 2057 193 2116 explorent,
204 2060 336 2115 pontesque
345 2062 371 2106 et
381 2059 562 2116 propugnaculo
571 2060 686 2116 iungunt,

56 2127 108 2174 tels
117 2129 214 2183 gerunt.
244 2128 326 2175 Instat
336 2128 479 2174 Mnestheus
485 2142 587 2182 acerque
598 2127 717 2183 Serestus,

56 2210 117 2251 quos
125 2197 195 2251 poter
203 2195 307 2252 Aeneas,
318 2195 339 2243 si
349 2195 444 2250 quondo
454 2195 556 2242 adversa
565 2197 688 2251 vocarent,

56 2266 164 2312 rectores
174 2264 288 2311 iuvenum
297 2267 323 2312 et
332 2279 414 2310 rerum
424 2264 490 2310 dedit
498 2278 549 2310 esse
559 2263 696 2319 magistros.

57 2333 143 2381 Omnis
153 2348 197 2388 per
206 2347 288 2379 muros
298 2331 368 2388 legio,
379 2331 467 2378 sortita
475 2330 601 2387 periclum,

56 2401 161 2448 excubat
170 2404 312 2457 exercetque
318 2401 390 2455 vices,
398 2399 461 2455 quod
470 2398 555 2454 cuique
561 2399 679 2447 tuendum
686 2402 731 2448 est.

86 2470 161 2517 Nisus
171 2472 226 2518 erut
235 2471 321 2526 portae
331 2470 421 2524 eustos,
431 2467 562 2514 seerrimus
572 2468 654 2525 armis,

106 2538 177 2587 (32³)
381 2546 413 2574 Μ
