1972 3164
391 187 414 226 Ρ,
427 186 546 227 venem
559 187 686 229 MARONIS

231 284 268 332 M.
296 283 335 332 De
353 299 427 342 grege
446 299 494 332 nou
514 284 591 332 ausim
611 284 737 342 quicquum
756 285 873 341 deponere

257 353 338 400 lecum
349 373 354 400 :

201 422 239 468 esi
250 421 311 468 mihi
321 436 426 477 namque
439 421 504 469 domi
514 424 593 480 pater,
607 425 645 470 est
654 421 747 469 iniuste
755 438 858 471 noverca
867 444 873 480 ς

201 489 286 546 bisque
293 489 331 537 die
340 492 472 537 numerant
483 490 554 538 ambo
563 506 644 548 pecus,
655 491 718 538 aller
727 494 752 539 ei
761 492 858 539 haedos.

202 558 303 615 Verum,
313 557 341 605 id
347 558 411 614 quod
421 558 499 605 mulio
508 560 563 605 iuie
572 559 624 614 ipse
633 558 741 607 fatebere
750 561 836 617 maius,

201 627 309 674 insanire
318 626 378 673 libel
388 627 501 682 quoniam
510 627 564 683 libi,
575 627 661 683 pocula
670 644 758 683 ponam

203 694 297 751 fagina,
308 693 428 741 caelatum
438 694 514 741 divini
522 710 582 750 opus
592 694 781 743 Alcimedontis:

203 760 271 809 lenia
281 763 366 818 quibus
376 764 448 809 torno
457 762 524 811 facili
533 778 605 818 super
614 763 698 810 addila
707 763 764 810 vitis

206 830 306 877 diffusos
315 830 406 878 hedera
414 831 489 878 veslit
498 831 605 887 pallenle
615 831 746 887 corymbos.

166 923 192 958 40
203 899 235 946 In
244 898 322 946 medio
331 899 379 946 duo
388 899 467 957 signa,
478 900 561 947 Conon
570 899 677 956 ec-qms
686 899 735 946 fuis
744 899 816 956 aller,

204 966 331 1022 descripsit
340 967 409 1015 radio
417 969 497 1015 icium
507 968 548 1024 qui
557 967 670 1025 gentibus
679 968 769 1026 orbem,

203 1036 314 1090 tempora
320 1049 381 1091 quse
391 1051 490 1093 messor,
497 1051 558 1092 quae
568 1052 656 1084 curvus
666 1039 750 1084 arator
759 1036 876 1083 heberei?

204 1102 307 1150 necdum
316 1103 365 1150 illis
373 1103 443 1151 labra
452 1104 555 1162 admovi,
566 1105 608 1152 sed
618 1106 715 1152 condita
724 1120 801 1152 servo.

232 1170 265 1218 D.
294 1171 329 1218 nt
339 1171 407 1218 nobis
415 1172 479 1220 idem
489 1173 630 1221 Alcimedon
637 1174 685 1221 duo
694 1173 780 1229 pocula
789 1172 856 1228 fecii,

204 1241 230 1287 el
239 1239 306 1287 molli
313 1239 404 1288 circum
413 1241 450 1288 esi
460 1256 531 1288 anses
545 1241 670 1297 amplexus
679 1241 791 1297 acantho,

205 1308 348 1365 Orpheaque
357 1308 384 1355 in
393 1309 471 1356 medic
479 1309 560 1365 posuii
570 1309 688 1365 silvasque
698 1311 839 1364 sequeuies3

204 1377 306 1424 necdum
315 1376 363 1423 illis
372 1376 442 1424 lubre
451 1377 554 1434 admovi,
565 1377 607 1424 sed
616 1377 713 1424 condile
722 1391 799 1424 servo.

204 1444 232 1493 si
240 1445 273 1492 ad
280 1445 382 1492 visulam
392 1447 496 1503 species,
504 1445 565 1492 nihil
574 1445 681 1502 estquod
690 1444 776 1501 pocula
782 1444 874 1492 laudes.

232 1513 270 1560 M.
298 1512 439 1569 Numquam
449 1513 520 1562 hodie
529 1513 629 1571 effugies
638 1533 644 1570 ;
658 1512 754 1560 veniam
763 1527 875 1569 quocum·

262 1596 307 1637 que
317 1581 424 1638 vocaris3

180 1674 194 1698 ο
205 1650 289 1697 audiet
299 1649 358 1696 haec
369 1649 534 1698 lanium-vel
544 1650 585 1707 qui
594 1650 660 1698 venii
670 1665 724 1696 ecce
736 1649 874 1695 Palaemon.

207 1717 324 1775 Efficiam,
336 1717 437 1774 poslhac
446 1734 476 1766 ne
486 1734 629 1775 quemquam
638 1733 695 1765 voce
704 1717 816 1765 lacesses.

234 1786 266 1834 D.
296 1786 360 1843 Quin
366 1802 420 1846 age,
429 1787 450 1834 si
458 1787 515 1843 quid
522 1787 596 1834 hebes
605 1807 611 1835 z
620 1787 648 1834 in
655 1802 693 1834 me
699 1802 768 1833 more
773 1800 822 1833 non
829 1786 876 1832 crit

205 1938 249 1970 nec
259 1938 402 1980 quemquem
412 1923 480 1980 fugio
490 1944 496 1970 ε
509 1925 616 1980 lenium,
626 1923 703 1970 vicine
713 1923 852 1979 Palaemon,

205 1991 314 2039 sensibus
324 1992 384 2040 haec
393 1992 456 2049 imis,
467 2007 506 2039 res
514 1994 551 2040 esi
561 2006 609 2039 non
619 2007 703 2048 parve,
714 2006 825 2048 repones.

232 2059 262 2107 P.
291 2060 381 2118 Dicite,
395 2060 585 2117 quandoquidem
603 2060 628 2107 in
644 2059 711 2107 molli
727 2060 877 2107 consedimus

260 2127 344 2185 herbe,

205 2197 231 2244 ei
240 2211 305 2243 nunc
318 2197 395 2244 omnis
405 2213 472 2254 eger,
483 2213 548 2244 nunc
557 2197 634 2243 omnis
644 2197 751 2253 parturii
761 2195 840 2253 arbos,

205 2279 270 2313 nunc
279 2265 394 2314 frondeni
404 2266 486 2323 silvae,
497 2281 562 2312 nunc
571 2265 758 2312 formosissimus
768 2278 853 2311 annus.

205 2333 296 2392 Incipe,
313 2334 434 2381 Damoeta
443 2354 449 2390 ;
464 2333 588 2380 indeindc
598 2349 704 2389 sequere,
715 2332 835 2381 Menalca.

205 2401 315 2449 Alternis
325 2403 409 2450 diociis
419 2422 425 2459 ;
439 2404 523 2448 ameni
533 2402 628 2448 alterna
638 2403 765 2449 Camenae.

169 2471 194 2508 ⁶0
234 2470 267 2517 D.
288 2469 875 2526 Ab10veprincipiumnuses210vis0mniep10ns3

253 2537 262 2585 (
271 2537 310 2584 16)
