1972 3164
446 307 470 348 Ρ.
482 305 603 349 venem
615 307 746 352 flanona

254 403 364 462 inferias,
375 420 445 454 caeso
454 421 581 463 sparsuros
591 409 710 465 sanquine
720 409 842 469 flammas,

256 474 399 530 indutosque
410 475 476 523 iubet
486 478 585 523 truncos
595 476 724 525 hostilibus
734 480 810 527 ermis

256 543 321 598 ipsos
331 542 397 590 ferre
406 542 480 592 duces
490 543 634 600 inimicaque
644 545 744 593 nomina
753 547 805 604 figi.

258 610 365 658 Ducitur
374 611 459 658 infelix
466 627 526 660 aevo
535 613 662 661 coniectus
672 614 778 663 Acoetes

258 682 357 736 pectora
366 696 431 729 nune
440 680 541 728 foedans
550 682 647 739 pugnis,
657 698 723 731 nunc
733 684 857 741 unguibus
867 700 912 733 ora
921 705 927 742 3

259 749 378 796 sternitur
388 750 413 796 et
422 751 476 797 toto
485 750 608 806 proiectus
618 766 717 807 corpore
726 753 819 801 terrae.

260 817 360 864 Ducunt
370 819 395 864 et
405 817 498 865 Rutulo
507 818 619 874 perfusos
629 819 747 876 sanguine
758 836 856 869 currus.

259 885 320 933 Post
329 885 433 933 bellator
442 902 518 942 equus
528 887 613 943 positis
622 887 759 944 insignibus
769 889 869 936 Aethon

224 972 250 1012 9⁰
259 955 280 1001 it
289 954 419 1002 lacrimans
429 956 553 1012 guttisque
563 957 672 1004 umectat
681 957 817 1013 grandibus
828 973 881 1005 era.

261 1023 366 1070 Hastam
375 1023 417 1070 alii
425 1024 566 1080 galeamque
576 1025 669 1081 ierunt,
678 1041 736 1072 nam
744 1027 828 1074 cetera
838 1027 936 1072 Tamus

261 1092 340 1138 victor
359 1091 442 1139 habet.
479 1093 543 1140 Tum
562 1095 657 1141 maesta
675 1094 785 1150 phalam
805 1095 937 1151 Teucrique

316 1162 451 1216 sequuntur

261 1229 428 1285 Tyrrhenique
437 1244 519 1277 omnes
529 1231 555 1277 et
564 1229 640 1277 versis
650 1229 759 1278 Arcades
769 1232 854 1280 armis.

261 1297 393 1353 Postquam
403 1298 480 1344 omnis
490 1297 561 1356 longe
568 1299 684 1346 comitum
691 1300 861 1354 praecesserat
870 1301 935 1356 ordo,

260 1366 370 1414 substitit
378 1366 475 1414 Aeneae
484 1368 622 1424 gemituque
631 1367 691 1414 haee
700 1366 795 1413 eddidit
805 1367 858 1415 alto
867 1388 873 1415 z

261 1434 268 1456 ‘
277 1434 328 1482 Nos
338 1434 398 1482 alias
407 1435 464 1483 hinc
474 1435 505 1482 sd
514 1435 627 1482 lacrimas
637 1435 721 1482 eadem
730 1435 836 1482 horrida
844 1435 902 1483 belli

260 1503 315 1550 fata
324 1505 412 1551 vocant
422 1524 428 1551 z
444 1503 509 1551 salve
519 1505 646 1552 aeternum
656 1502 724 1558 mihi,
735 1503 844 1551 maxime
853 1504 928 1560 Palla,

260 1574 434 1627 aeternumque
444 1572 515 1620 vale'
545 1572 597 1619 Nec
606 1572 678 1628 plura
688 1573 779 1619 effatus
789 1571 821 1618 ad
831 1572 895 1620 altos

260 1640 376 1688 tendebat
386 1656 467 1688 muros
477 1655 633 1698 gressumque
642 1640 669 1687 in
679 1642 760 1687 eastra
772 1639 876 1688 ferebat.

216 1729 250 1754 100
290 1710 388 1765 Iamque
398 1711 507 1757 oratores
517 1709 619 1756 aderant
629 1725 659 1756 ex
668 1709 728 1756 urbe
738 1708 839 1766 Latina,

261 1777 336 1826 velati
346 1777 420 1824 rumis
429 1777 494 1825 oleae
504 1778 646 1834 veniamque
655 1779 770 1834 rogantes
779 1797 784 1824 ε

261 1862 369 1902 corpora,
380 1862 423 1902 per
433 1862 529 1902 campos
539 1847 605 1894 ferro
614 1862 675 1902 quae
685 1845 740 1892 fusa
750 1845 873 1904 iacebant,

261 1915 373 1962 redderet
383 1930 411 1962 ac
420 1915 516 1962 tumulo
525 1914 616 1962 sineret
626 1915 753 1963 succedere
763 1916 860 1969 terram

262 1983 356 2032 nullum
366 1999 421 2031 eum
431 1983 502 2031 victis
512 1985 637 2031 certamen
646 1986 672 2031 et
681 1983 779 2030 aethere
790 1983 881 2040 cassis;

261 2054 372 2109 parceret
382 2052 516 2108 hospitibus
526 2054 646 2108 quondam
657 2051 789 2106 socerisque
798 2051 902 2098 voeatis.

263 2123 327 2179 Quos
336 2122 414 2169 bonus
423 2121 519 2169 Aeneas
528 2121 596 2169 haud
606 2120 758 2177 aspernanda
767 2120 899 2175 precantes

261 2191 415 2248 prosequitur
425 2191 495 2238 venia
505 2192 530 2237 et
539 2190 619 2237 verbis
628 2189 688 2236 haec
697 2189 796 2242 insuper
805 2188 876 2235 addit
885 2207 892 2235 ι

263 2259 270 2283 ‘
280 2261 404 2318 Quaenam
415 2275 457 2306 vos
467 2261 537 2306 tanto
547 2259 648 2306 fortuna
656 2258 765 2316 indigna,
776 2257 868 2315 Latini,

261 2329 382 2386 implicuit
391 2328 461 2384 bello,
472 2328 513 2384 qui
523 2343 566 2375 nos
576 2327 678 2385 fugiatis
687 2325 792 2372 amicos?

213 2417 253 2445 uxo
263 2400 351 2446 Pacem
361 2412 400 2444 me
410 2396 525 2444 exanimis
536 2398 561 2443 et
571 2395 660 2442 Martis
675 2396 740 2442 sorte
751 2393 885 2449 peremptis

262 2468 355 2514 oretis?
367 2465 476 2520 equidem
485 2466 510 2511 et
520 2464 581 2510 vivis
592 2464 719 2511 concedere
729 2461 825 2508 vellem.

262 2535 314 2582 Nec
323 2534 387 2590 veni,
397 2534 445 2580 nisi
451 2533 505 2580 fata
514 2531 595 2580 locum
606 2533 732 2587 sedemque
741 2529 875 2586 dedissent,

261 2618 306 2650 nee
314 2602 405 2650 bellum
417 2618 472 2650 cum
482 2603 555 2657 gente
564 2617 623 2657 gero
633 2621 638 2648 :
654 2615 698 2647 rex
708 2600 793 2647 nostra
801 2598 904 2653 reliquit

309 2671 380 2720 (378)
