1972 3164
374 185 396 223 P.
409 185 528 224 VERGILI
541 186 670 226 MARONIS

133 301 171 347 ⁴⁶⁰
182 279 260 327 Arma
268 296 352 329 amens
361 281 453 340 tremit,
464 299 532 330 arma
545 285 600 330 toro
611 283 730 339 tectisque
742 282 852 340 requirit:

182 349 259 396 saevit
269 365 338 397 amor
346 350 408 398 ferri
417 352 442 398 et
452 351 571 398 scelerata
580 352 677 398 insania
685 351 751 409 belli,

181 417 219 464 ira
229 433 315 474 super:
330 435 419 477 magno
427 420 505 468 veluti
514 436 570 467 cum
580 421 679 468 flamma
688 436 775 470 sonore

181 487 265 543 virgea
274 489 415 546 suggeritur
424 489 497 536 costis
506 489 622 536 undantis
632 489 696 547 aeni,

182 555 351 612 exsultantque
361 559 431 605 aestu
440 557 533 613 latices,
543 556 605 604 furit
614 557 683 604 intus
692 559 767 614 aqua‘i

181 622 289 671 fumidus
299 627 371 681 atque
381 625 431 672 alte
441 626 532 680 spumis
542 626 660 673 exuberat
669 627 757 684 amnis,

181 707 226 740 nec
236 691 284 739 iam
294 708 320 740 se
329 693 394 748 capit
403 694 477 750 unda,
488 693 555 740 volat
564 709 641 748 vapor
649 695 705 741 ater
713 694 745 741 ad
755 709 835 742 auras.

182 761 250 818 Ergo
258 761 307 808 iter
316 762 348 809 ad
357 777 439 820 regem
448 762 543 818 polluta
552 777 611 818 pace
620 761 738 809 Latinum

181 828 266 876 indicit
276 830 360 886 primis
369 830 483 877 iuvenum
493 832 519 877 et
528 830 595 877 iubet
604 845 674 876 arma
683 830 775 887 parari,

182 897 261 944 tutari
271 897 380 954 Italiam,
390 897 519 945 detrudere
528 897 616 944 finibus
626 897 736 944 hostem:

134 996 173 1032 470
183 981 208 1013 se
218 966 277 1013 satis
287 966 402 1014 ambobus
413 967 559 1022 Teucrisque
568 966 651 1013 venire
661 965 812 1022 Latiniswe.

182 1033 251 1081 Haec
261 1035 302 1080 ubi
312 1034 377 1082 dicta
387 1034 453 1081 dedit
463 1034 576 1089 divosque
584 1033 610 1080 in
620 1035 678 1080 vota
687 1033 794 1090 vomuit,

182 1103 294 1150 certatim
304 1118 356 1150 sese
366 1102 454 1150 Rutuli
463 1103 625 1150 exhortantur
632 1102 659 1149 in
669 1117 752 1149 arma:

181 1170 246 1219 hunc
256 1171 327 1218 decus
335 1172 458 1228 egregium
465 1171 558 1218 formae
564 1172 645 1218 movet
655 1172 729 1226 atque
737 1170 854 1226 iuventae,

181 1239 247 1287 hunc
258 1239 324 1286 atavi
333 1255 411 1296 reges,
422 1239 486 1286 hunc
495 1239 567 1286 claris
577 1239 677 1286 dextera
685 1239 768 1286 factis.

210 1309 276 1355 Dum
286 1309 383 1355 Turnus
393 1308 498 1354 Rutulos
508 1307 594 1354 animis
604 1305 736 1354 audacibus
745 1305 840 1364 implet,

182 1376 277 1424 Allecto
287 1377 312 1423 in
322 1377 427 1424 Teucros
438 1376 528 1432 Stygiis
539 1391 564 1422 se
574 1375 681 1423 concitat
691 1375 746 1431 alis,

182 1446 236 1492 arte
245 1460 309 1493 nova
319 1444 443 1501 speculata
453 1444 540 1500 locum,
551 1458 599 1499 quo
607 1443 679 1490 litore
689 1443 794 1499 pulcher

182 1513 277 1560 insidiis
288 1528 406 1569 cursuque
415 1513 481 1560 feras
492 1512 601 1568 agitabat
611 1511 688 1558 Iulus.

183 1582 232 1630 Hic
241 1582 346 1630 subitam
356 1582 455 1630 canibus
465 1582 557 1629 rabiem
568 1580 667 1636 Cocytia
676 1580 747 1638 virgo

135 1665 173 1713 480
182 1650 264 1697 obiicit
273 1652 298 1697 et
308 1652 365 1698 noto
374 1667 445 1698 nares
455 1650 575 1709 contingit
585 1650 665 1706 odore,

181 1720 210 1765 ut
220 1734 318 1766 cervum
328 1719 439 1766 ardentes
449 1721 549 1776 egerent
558 1737 564 1775 ;
579 1732 640 1773 quae
650 1718 730 1773 prima
738 1718 849 1765 laborum

181 1802 255 1834 causa
263 1786 313 1833 fuit
322 1787 430 1842 belloque
440 1788 532 1834 animos
543 1785 652 1834 accendit
662 1787 783 1841 agrestes.

182 1855 273 1902 Cervus
283 1856 337 1902 erat
346 1855 425 1902 forma
432 1856 568 1911 praestanti
577 1857 601 1902 et
612 1853 725 1902 cornibus
734 1853 831 1912 iugens,

182 1923 316 1980 Tyrrhidae
326 1923 395 1979 pueri
405 1939 475 1979 quem
486 1924 571 1971 matris
583 1922 613 1970 ab
621 1923 696 1970 ubere
706 1925 809 1978 raptum

181 1992 308 2039 nutribant
318 1992 473 2048 Tyrrhusque
483 1993 562 2048 pater,
573 1991 612 2038 cui
622 1991 689 2047 regia
699 1993 791 2046 parent

181 2062 327 2109 armeniaci
337 2061 386 2108 late
397 2061 506 2107 custodia
517 2060 608 2107 credita
618 2057 706 2114 campi.

181 2131 313 2178 Assuetum
322 2128 427 2185 imperiis
438 2144 506 2176 soror
514 2127 580 2174 omni
591 2127 666 2174 Silvia
675 2142 736 2173 cura

182 2199 293 2246 mollibus
303 2198 412 2245 intexens
422 2197 525 2243 ornabat
536 2211 627 2243 cornua
637 2195 717 2251 sertis,

182 2267 339 2322 pectebatque
349 2266 437 2321 ferum,
448 2279 555 2320 puroque
564 2264 590 2310 in
600 2264 668 2310 fonte
677 2263 787 2311 lavabat.

182 2335 237 2392 Ille,
249 2351 348 2382 manum
359 2335 454 2390 patiens
465 2347 609 2387 mensaeque
619 2333 731 2378 assuetus
741 2331 823 2388 herili,

182 2404 280 2450 errabat
290 2404 355 2451 silvis
365 2417 495 2459 rursusque
505 2402 536 2447 ad
546 2401 630 2447 limina
639 2401 699 2448 notu
764 2408 766 2413 '

407 2488 441 2520 402.
463 2496 480 2520 a.
488 2484 501 2519 l.
511 2485 582 2526 ‘etquac
591 2485 631 2520 vis!

135 2522 172 2560 ⁴9⁰
230 2538 300 2586 (282)
