1972 3164
694 39 982 51 ἡ

450 253 472 293 P.
486 253 604 295 vanam
616 255 745 297 ussoms

258 349 285 396 at
295 349 390 406 sperate
400 348 456 398 deos
466 365 583 399 memores
593 351 662 399 fandi
672 354 744 409 atque
754 353 862 405 nefandi.

259 419 313 466 lter
322 421 376 467 erat
385 421 480 468 Aeneas
490 420 567 477 nobis,
578 436 625 477 quo
633 422 720 469 iustior
729 423 802 482 alter,

258 503 303 535 nec
312 489 404 544 pietate
413 490 463 537 fuit
472 505 517 538 nec
526 490 589 538 bello
598 491 675 538 maior
684 494 709 540 et
719 493 793 540 armis
803 515 809 540 ι

258 572 329 613 quem
339 558 360 605 si
370 559 424 605 iata
432 559 512 606 virum
521 561 629 617 servant,
640 560 661 607 si
669 562 776 609 vescitur
785 577 848 609 aura

258 627 366 675 aetheria
375 642 451 684 neque
461 627 540 674 adhuc
550 627 687 676 crudelibus
697 629 799 676 occubat
809 629 910 688 umbris,

259 710 309 742 non
318 697 399 744 metus
407 715 414 753 ;
428 695 504 744 officio
512 711 557 743 nec
566 697 592 743 te
602 697 708 744 certasse
717 697 822 753 priorem

258 765 390 819 paeniteat.
421 764 484 812 Sunt
494 765 519 811 et
529 764 617 812 Siculis
626 764 764 821 regionibus
773 766 846 814 urbes

210 851 248 889 5⁵0
258 847 381 890 armaque,
392 832 542 888 Troianoque
554 848 570 879 a
579 833 695 890 sanguine
705 833 786 881 clarus
795 834 906 883 Acestes.

259 900 404 957 Quassatam
414 901 493 948 ventis
503 901 575 949 liceat
585 901 718 950 subduccre
727 902 838 961 classem,

258 970 284 1016 et
294 969 359 1016 silvis
370 970 455 1025 aptare
464 968 546 1016 trabes
555 971 581 1017 et
591 970 710 1028 stringere
719 986 807 1029 remos,

257 1037 279 1084 si
288 1038 362 1085 datur
371 1036 469 1084 Italiam
480 1037 549 1085 sociis
559 1039 585 1084 et
594 1053 652 1096 rege
661 1040 760 1093 recepto

256 1106 364 1162 tendere,
375 1107 403 1151 nt
413 1105 512 1151 Italiam
521 1105 581 1152 laeti
590 1106 736 1162 Latiumque
745 1108 858 1162 petamus
866 1127 873 1164 3

256 1173 294 1221 sin
304 1172 434 1228 absumpta
443 1173 517 1231 salus,
528 1176 553 1221 et
560 1175 594 1232 te,
604 1176 676 1230 pater
685 1175 776 1230 optime
786 1176 916 1234 Teucrum,

256 1243 345 1299 pontus
355 1241 428 1289 babet
438 1241 529 1298 Libyae
539 1257 584 1291 nec
594 1258 647 1298 spes
656 1243 706 1289 iam
716 1245 795 1290 restat
804 1243 862 1301 Iuli,

257 1311 284 1358 at
293 1310 359 1358 freta
369 1310 477 1358 Sicaniae
487 1310 574 1358 saltem
584 1311 697 1367 sedesque
708 1314 817 1369 paratas,

257 1380 321 1426 unde
330 1379 378 1426 huc
387 1379 490 1436 advecti,
500 1394 629 1435 regemque
639 1381 750 1436 petamus
759 1380 883 1427 Acesten!

258 1447 358 1495 Talibus
368 1447 486 1505 Hioueus;
502 1447 584 1495 cuncti
596 1447 668 1494 simul
677 1462 718 1495 ore
727 1446 866 1495 fremebant

209 1521 246 1567 5⁶0
258 1517 422 1564 Dardanidae.

285 1586 349 1632 Tum
358 1584 464 1632 breviter
473 1583 537 1631 Dido
546 1583 642 1631 vultum
653 1583 756 1630 demissa
765 1583 892 1639 profatur:

257 1653 362 1701 ‘Solvite
372 1654 442 1701 corde
451 1654 552 1709 metum,
564 1653 660 1709 Teucri,
671 1652 787 1700 secludite
797 1667 877 1699 curas.

255 1721 305 1768 Res
314 1723 376 1769 dura
385 1724 410 1768 el
420 1722 490 1778 regni
498 1721 593 1768 novitas
603 1737 642 1768 me
651 1721 712 1768 talia
721 1721 812 1777 cogunt

255 1791 334 1837 moliri
344 1792 369 1837 et
379 1791 429 1837 late
439 1791 500 1837 fines
510 1790 609 1838 custode
618 1790 691 1836 tueri.

256 1859 314 1916 Quis
332 1875 409 1916 genus
428 1859 579 1917 Aeneadum,
600 1858 652 1914 quis
672 1858 758 1905 Troiae
777 1858 871 1904 nesciat
890 1872 930 1903 ur-

311 1928 364 1975 bem

254 1997 404 2053 virtutesque
414 1997 524 2052 uirosque
534 1997 579 2043 aut
588 1995 653 2042 tanti
660 1993 773 2043 incendia
782 1994 855 2042 belli?

254 2065 311 2112 Non
321 2064 408 2113 obtusa
417 2065 478 2112 adeo
488 2066 612 2122 gestamus
623 2066 722 2119 pectora
730 2063 815 2120 Poeni,

254 2149 298 2182 nec
308 2136 360 2181 tam
369 2149 468 2181 aversus
478 2148 551 2188 equos
561 2132 636 2189 Tyria
646 2131 687 2180 Sol
696 2131 777 2188 iungit
787 2130 818 2178 ab
827 2130 896 2178 urbe.

255 2202 303 2249 Seu
312 2218 354 2250 vos
363 2201 508 2257 Hesperiam
518 2217 632 2257 magnam
644 2199 807 2255 Saturniaque
817 2213 885 2254 arva,

205 2290 243 2326 570
254 2270 304 2320 sive
314 2271 400 2328 Erycis
410 2269 470 2317 fines
479 2285 608 2326 regemque
617 2269 708 2325 optatis
718 2268 833 2323 Acesten,

254 2339 344 2386 anxilio
353 2340 419 2385 tutos
429 2338 552 2384 dimittam
561 2337 692 2393 opibusque
701 2336 800 2384 iuvabo.

253 2407 335 2456 Vultis
345 2408 370 2455 et
379 2407 417 2453 his
426 2421 520 2453 mecum
531 2405 625 2461 pariter
635 2405 756 2453 considere
765 2403 862 2460 regnis?

252 2475 344 2524 Urbem
354 2489 426 2530 quam
436 2475 526 2532 statuo,
537 2475 620 2521 vestra
629 2474 667 2521 est
677 2493 683 2530 3
699 2472 826 2520 subducite
836 2486 925 2525 naves3

253 2544 314 2590 Tros
324 2543 459 2598 Tyriusque
469 2542 529 2590 milri
539 2542 606 2590 nullo
616 2541 754 2589 discrimine
763 2542 858 2596 agetur.

300 2610 309 2659 l
318 2624 353 2660 130
361 2610 369 2658 )
