<?xml version="1.0" encoding="UTF-8"?>
<!DOCTYPE html PUBLIC "-//W3C//DTD XHTML 1.0 Transitional//EN"
    "http://www.w3.org/TR/xhtml1/DTD/xhtml1-transitional.dtd">
<html xmlns="http://www.w3.org/1999/xhtml" xml:lang="en" lang="en">
 <head>
  <title>
</title>
<meta http-equiv="Content-Type" content="text/html;charset=utf-8" />
  <meta name='ocr-system' content='tesseract 3.04.00' />
  <meta name='ocr-capabilities' content='ocr_page ocr_carea ocr_par ocr_line ocrx_word'/>
</head>
<body>
  <div class='ocr_page' id='page_1' title='image "./pvergilimaronis07virggoog/pvergilimaronis07virggoog_0017.png"; bbox 0 0 1972 3164; ppageno 0'>
   <div class='ocr_carea' id='block_1_1' title="bbox 360 164 653 206">
    <p class='ocr_par' dir='ltr' id='par_1_1' title="bbox 360 164 653 206">
     <span class='ocr_line' id='line_1_1' title="bbox 360 164 653 206; baseline 0.01 -3"><span class='ocrx_word' id='word_1_1' title='bbox 360 165 382 204; x_wconf 93' lang='lat' dir='ltr'>P.</span> <span class='ocrx_word' id='word_1_2' title='bbox 395 164 513 205; x_wconf 83' lang='lat' dir='ltr'><strong>VERGILI</strong></span> <span class='ocrx_word' id='word_1_3' title='bbox 526 165 653 206; x_wconf 82' lang='lat' dir='ltr'><strong>MARONIS</strong></span> 
     </span>
    </p>
   </div>
   <div class='ocr_carea' id='block_1_2' title="bbox 132 259 844 1479">
    <p class='ocr_par' dir='ltr' id='par_1_2' title="bbox 132 259 844 1479">
     <span class='ocr_line' id='line_1_2' title="bbox 169 259 836 319; baseline 0 -10"><span class='ocrx_word' id='word_1_4' title='bbox 169 261 245 317; x_wconf 81' lang='lat' dir='ltr'>Saepe</span> <span class='ocrx_word' id='word_1_5' title='bbox 255 259 345 308; x_wconf 90' lang='lat' dir='ltr'>malum</span> <span class='ocrx_word' id='word_1_6' title='bbox 354 260 399 309; x_wconf 90' lang='lat' dir='ltr'>hoc</span> <span class='ocrx_word' id='word_1_7' title='bbox 408 260 484 318; x_wconf 89' lang='lat' dir='ltr'>nobis,</span> <span class='ocrx_word' id='word_1_8' title='bbox 496 263 516 308; x_wconf 87' lang='lat' dir='ltr'>si</span> <span class='ocrx_word' id='word_1_9' title='bbox 529 276 597 308; x_wconf 86' lang='lat' dir='ltr'>meus</span> <span class='ocrx_word' id='word_1_10' title='bbox 606 277 655 308; x_wconf 93' lang='lat' dir='ltr'>non</span> <span class='ocrx_word' id='word_1_11' title='bbox 667 261 736 309; x_wconf 83' lang='lat' dir='ltr'>laeva</span> <span class='ocrx_word' id='word_1_12' title='bbox 745 262 836 319; x_wconf 72' lang='lat' dir='ltr'>fuisset,</span> 
     </span>
     <span class='ocr_line' id='line_1_3' title="bbox 170 330 736 386; baseline 0.002 -9"><span class='ocrx_word' id='word_1_13' title='bbox 170 331 199 377; x_wconf 87' lang='lat' dir='ltr'>de</span> <span class='ocrx_word' id='word_1_14' title='bbox 209 330 275 377; x_wconf 90' lang='lat' dir='ltr'>caelo</span> <span class='ocrx_word' id='word_1_15' title='bbox 284 331 364 378; x_wconf 86' lang='lat' dir='ltr'>tactas</span> <span class='ocrx_word' id='word_1_16' title='bbox 374 330 471 376; x_wconf 90' lang='lat' dir='ltr'>memini</span> <span class='ocrx_word' id='word_1_17' title='bbox 480 330 618 386; x_wconf 81' lang='lat' dir='ltr'>praedicere</span> <span class='ocrx_word' id='word_1_18' title='bbox 628 346 736 386; x_wconf 85' lang='lat' dir='ltr'>quercus.</span> 
     </span>
     <span class='ocr_line' id='line_1_4' title="bbox 174 393 780 458; baseline 0 -12"><span class='ocrx_word' id='word_1_19' title='bbox 174 393 260 454; x_wconf 79' lang='lat' dir='ltr'>[Saepe</span> <span class='ocrx_word' id='word_1_20' title='bbox 271 399 369 446; x_wconf 86' lang='lat' dir='ltr'>sinistra</span> <span class='ocrx_word' id='word_1_21' title='bbox 379 414 438 446; x_wconf 87' lang='lat' dir='ltr'>cava</span> <span class='ocrx_word' id='word_1_22' title='bbox 447 399 566 454; x_wconf 82' lang='lat' dir='ltr'>praedixit</span> <span class='ocrx_word' id='word_1_23' title='bbox 574 400 605 446; x_wconf 87' lang='lat' dir='ltr'>ab</span> <span class='ocrx_word' id='word_1_24' title='bbox 614 399 667 446; x_wconf 82' lang='lat' dir='ltr'>ilice</span> <span class='ocrx_word' id='word_1_25' title='bbox 677 397 780 458; x_wconf 83' lang='lat' dir='ltr'>cornix]</span> 
     </span>
     <span class='ocr_line' id='line_1_5' title="bbox 171 467 762 524; baseline 0.002 -11"><span class='ocrx_word' id='word_1_26' title='bbox 171 467 218 514; x_wconf 84' lang='lat' dir='ltr'>Sed</span> <span class='ocrx_word' id='word_1_27' title='bbox 227 469 310 514; x_wconf 90' lang='lat' dir='ltr'>tamen</span> <span class='ocrx_word' id='word_1_28' title='bbox 319 467 364 514; x_wconf 89' lang='lat' dir='ltr'>iste</span> <span class='ocrx_word' id='word_1_29' title='bbox 374 467 431 514; x_wconf 90' lang='lat' dir='ltr'>deus</span> <span class='ocrx_word' id='word_1_30' title='bbox 441 467 482 522; x_wconf 91' lang='lat' dir='ltr'>qui</span> <span class='ocrx_word' id='word_1_31' title='bbox 490 467 521 514; x_wconf 87' lang='lat' dir='ltr'>sit</span> <span class='ocrx_word' id='word_1_32' title='bbox 531 469 570 524; x_wconf 86' lang='lat' dir='ltr'>da,</span> <span class='ocrx_word' id='word_1_33' title='bbox 582 468 675 524; x_wconf 86' lang='lat' dir='ltr'>Tityre,</span> <span class='ocrx_word' id='word_1_34' title='bbox 685 469 762 515; x_wconf 87' lang='lat' dir='ltr'>nobis.</span> 
     </span>
     <span class='ocr_line' id='line_1_6' title="bbox 133 535 842 593; baseline 0.003 -11"><span class='ocrx_word' id='word_1_35' title='bbox 133 544 159 569; x_wconf 78' lang='lat'>2⁰</span> <span class='ocrx_word' id='word_1_36' title='bbox 199 536 228 582; x_wconf 91' lang='lat' dir='ltr'>T.</span> <span class='ocrx_word' id='word_1_37' title='bbox 258 535 842 593; x_wconf 85' lang='lat' dir='ltr'>UrbemquamdicuntRomam‚Meliboee,putavi</span> 
     </span>
     <span class='ocr_line' id='line_1_7' title="bbox 170 603 842 661; baseline 0.004 -11"><span class='ocrx_word' id='word_1_38' title='bbox 170 604 260 650; x_wconf 87' lang='lat' dir='ltr'>stultus</span> <span class='ocrx_word' id='word_1_39' title='bbox 288 619 333 660; x_wconf 78' lang='lat' dir='ltr'>ego</span> <span class='ocrx_word' id='word_1_40' title='bbox 358 603 414 649; x_wconf 89' lang='lat' dir='ltr'>huic</span> <span class='ocrx_word' id='word_1_41' title='bbox 443 605 540 650; x_wconf 82' lang='lat' dir='ltr'>nostrae</span> <span class='ocrx_word' id='word_1_42' title='bbox 566 603 675 661; x_wconf 85' lang='lat' dir='ltr'>similem,</span> <span class='ocrx_word' id='word_1_43' title='bbox 699 619 745 660; x_wconf 89' lang='lat' dir='ltr'>quo</span> <span class='ocrx_word' id='word_1_44' title='bbox 772 620 842 661; x_wconf 84' lang='lat' dir='ltr'>saepe</span> 
     </span>
     <span class='ocr_line' id='line_1_8' title="bbox 226 672 328 718; baseline -0.01 0"><span class='ocrx_word' id='word_1_45' title='bbox 226 672 328 718; x_wconf 87' lang='lat' dir='ltr'>solemus</span> 
     </span>
     <span class='ocr_line' id='line_1_9' title="bbox 170 739 684 796; baseline 0.004 -10"><span class='ocrx_word' id='word_1_46' title='bbox 170 742 278 796; x_wconf 86' lang='lat' dir='ltr'>pastores</span> <span class='ocrx_word' id='word_1_47' title='bbox 288 739 368 787; x_wconf 87' lang='lat' dir='ltr'>ovium</span> <span class='ocrx_word' id='word_1_48' title='bbox 378 741 473 786; x_wconf 88' lang='lat' dir='ltr'>teneros</span> <span class='ocrx_word' id='word_1_49' title='bbox 483 740 601 795; x_wconf 86' lang='lat' dir='ltr'>depellere</span> <span class='ocrx_word' id='word_1_50' title='bbox 610 741 684 788; x_wconf 79' lang='lat' dir='ltr'>letus.</span> 
     </span>
     <span class='ocr_line' id='line_1_10' title="bbox 171 807 799 864; baseline 0.003 -10"><span class='ocrx_word' id='word_1_51' title='bbox 171 808 209 855; x_wconf 85' lang='lat' dir='ltr'>Sic</span> <span class='ocrx_word' id='word_1_52' title='bbox 219 807 318 855; x_wconf 84' lang='lat' dir='ltr'>canibus</span> <span class='ocrx_word' id='word_1_53' title='bbox 328 807 420 854; x_wconf 86' lang='lat' dir='ltr'>catulos</span> <span class='ocrx_word' id='word_1_54' title='bbox 431 807 527 864; x_wconf 80' lang='lat' dir='ltr'>similes,</span> <span class='ocrx_word' id='word_1_55' title='bbox 539 807 572 854; x_wconf 90' lang='lat' dir='ltr'>sic</span> <span class='ocrx_word' id='word_1_56' title='bbox 582 808 700 855; x_wconf 90' lang='lat' dir='ltr'>matribus</span> <span class='ocrx_word' id='word_1_57' title='bbox 710 809 799 856; x_wconf 89' lang='lat' dir='ltr'>haedos</span> 
     </span>
     <span class='ocr_line' id='line_1_11' title="bbox 169 875 770 934; baseline 0.002 -11"><span class='ocrx_word' id='word_1_58' title='bbox 169 892 262 933; x_wconf 87' lang='lat' dir='ltr'>noram,</span> <span class='ocrx_word' id='word_1_59' title='bbox 274 876 307 924; x_wconf 90' lang='lat' dir='ltr'>sic</span> <span class='ocrx_word' id='word_1_60' title='bbox 317 875 398 932; x_wconf 87' lang='lat' dir='ltr'>parvis</span> <span class='ocrx_word' id='word_1_61' title='bbox 408 891 548 931; x_wconf 85' lang='lat' dir='ltr'>componere</span> <span class='ocrx_word' id='word_1_62' title='bbox 558 892 648 934; x_wconf 84' lang='lat' dir='ltr'>magna</span> <span class='ocrx_word' id='word_1_63' title='bbox 658 877 770 924; x_wconf 89' lang='lat' dir='ltr'>solebam.</span> 
     </span>
     <span class='ocr_line' id='line_1_12' title="bbox 170 943 842 1002; baseline -0.001 -9"><span class='ocrx_word' id='word_1_64' title='bbox 170 947 260 993; x_wconf 87' lang='lat' dir='ltr'>Verum</span> <span class='ocrx_word' id='word_1_65' title='bbox 270 945 329 991; x_wconf 78' lang='lat' dir='ltr'>haec</span> <span class='ocrx_word' id='word_1_66' title='bbox 339 946 436 990; x_wconf 89' lang='lat' dir='ltr'>tantum</span> <span class='ocrx_word' id='word_1_67' title='bbox 445 944 505 990; x_wconf 83' lang='lat' dir='ltr'>alias</span> <span class='ocrx_word' id='word_1_68' title='bbox 512 943 577 990; x_wconf 85' lang='lat' dir='ltr'>inter</span> <span class='ocrx_word' id='word_1_69' title='bbox 584 946 657 1000; x_wconf 90' lang='lat' dir='ltr'>caput</span> <span class='ocrx_word' id='word_1_70' title='bbox 665 946 752 991; x_wconf 89' lang='lat' dir='ltr'>extulit</span> <span class='ocrx_word' id='word_1_71' title='bbox 761 945 842 1002; x_wconf 90' lang='lat' dir='ltr'>urbes,</span> 
     </span>
     <span class='ocr_line' id='line_1_13' title="bbox 170 1012 763 1070; baseline 0.002 -11"><span class='ocrx_word' id='word_1_72' title='bbox 170 1015 287 1070; x_wconf 87' lang='lat' dir='ltr'>quantum</span> <span class='ocrx_word' id='word_1_73' title='bbox 297 1012 364 1059; x_wconf 89' lang='lat' dir='ltr'>lenta</span> <span class='ocrx_word' id='word_1_74' title='bbox 374 1014 451 1060; x_wconf 87' lang='lat' dir='ltr'>solent</span> <span class='ocrx_word' id='word_1_75' title='bbox 461 1013 526 1059; x_wconf 89' lang='lat' dir='ltr'>inter</span> <span class='ocrx_word' id='word_1_76' title='bbox 535 1013 639 1058; x_wconf 75' lang='lat' dir='ltr'>viburna</span> <span class='ocrx_word' id='word_1_77' title='bbox 648 1013 763 1069; x_wconf 86' lang='lat' dir='ltr'>cupressi.</span> 
     </span>
     <span class='ocr_line' id='line_1_14' title="bbox 196 1079 844 1136; baseline 0 -8"><span class='ocrx_word' id='word_1_78' title='bbox 196 1081 233 1128; x_wconf 86' lang='lat' dir='ltr'>M.</span> <span class='ocrx_word' id='word_1_79' title='bbox 260 1082 294 1127; x_wconf 84' lang='lat' dir='ltr'>Et</span> <span class='ocrx_word' id='word_1_80' title='bbox 321 1096 381 1136; x_wconf 84' lang='lat' dir='ltr'>quae</span> <span class='ocrx_word' id='word_1_81' title='bbox 407 1081 479 1127; x_wconf 83' lang='lat' dir='ltr'>tauta</span> <span class='ocrx_word' id='word_1_82' title='bbox 501 1079 549 1127; x_wconf 80' lang='lat' dir='ltr'>fuit</span> <span class='ocrx_word' id='word_1_83' title='bbox 572 1081 676 1127; x_wconf 84' lang='lat' dir='ltr'>Romam</span> <span class='ocrx_word' id='word_1_84' title='bbox 701 1081 746 1127; x_wconf 89' lang='lat' dir='ltr'>tibi</span> <span class='ocrx_word' id='word_1_85' title='bbox 771 1097 844 1128; x_wconf 82' lang='lat' dir='ltr'>causa</span> 
     </span>
     <span class='ocr_line' id='line_1_15' title="bbox 225 1148 338 1196; baseline 0 -1"><span class='ocrx_word' id='word_1_86' title='bbox 225 1148 338 1196; x_wconf 78' lang='lat' dir='ltr'>videndi?</span> 
     </span>
     <span class='ocr_line' id='line_1_16' title="bbox 197 1217 834 1275; baseline -0.002 -11"><span class='ocrx_word' id='word_1_87' title='bbox 197 1218 226 1264; x_wconf 87' lang='grc' dir='ltr'>Τ.</span> <span class='ocrx_word' id='word_1_88' title='bbox 254 1217 373 1275; x_wconf 73' lang='lat' dir='ltr'>Libertas,</span> <span class='ocrx_word' id='word_1_89' title='bbox 385 1233 445 1273; x_wconf 88' lang='lat' dir='ltr'>quae</span> <span class='ocrx_word' id='word_1_90' title='bbox 455 1234 509 1265; x_wconf 89' lang='lat' dir='ltr'>sera</span> <span class='ocrx_word' id='word_1_91' title='bbox 518 1220 601 1266; x_wconf 88' lang='lat' dir='ltr'>tamen</span> <span class='ocrx_word' id='word_1_92' title='bbox 610 1218 714 1273; x_wconf 74' lang='lat' dir='ltr'>respexit</span> <span class='ocrx_word' id='word_1_93' title='bbox 724 1217 834 1273; x_wconf 89' lang='lat' dir='ltr'>inertem,</span> 
     </span>
     <span class='ocr_line' id='line_1_17' title="bbox 170 1285 750 1343; baseline -0.005 -9"><span class='ocrx_word' id='word_1_94' title='bbox 170 1286 291 1334; x_wconf 86' lang='lat' dir='ltr'>candidior</span> <span class='ocrx_word' id='word_1_95' title='bbox 300 1287 427 1341; x_wconf 76' lang='lat' dir='ltr'>postquam</span> <span class='ocrx_word' id='word_1_96' title='bbox 437 1287 546 1333; x_wconf 89' lang='lat' dir='ltr'>tondenti</span> <span class='ocrx_word' id='word_1_97' title='bbox 555 1286 631 1333; x_wconf 90' lang='lat' dir='ltr'>barba</span> <span class='ocrx_word' id='word_1_98' title='bbox 640 1285 750 1343; x_wconf 83' lang='lat' dir='ltr'>cadebat,</span> 
     </span>
     <span class='ocr_line' id='line_1_18' title="bbox 132 1354 751 1411; baseline -0.003 -9"><span class='ocrx_word' id='word_1_99' title='bbox 132 1371 159 1408; x_wconf 74' lang='lat'>30</span> <span class='ocrx_word' id='word_1_100' title='bbox 170 1355 276 1410; x_wconf 82' lang='lat' dir='ltr'>respexit</span> <span class='ocrx_word' id='word_1_101' title='bbox 285 1356 369 1402; x_wconf 87' lang='lat' dir='ltr'>tamen</span> <span class='ocrx_word' id='word_1_102' title='bbox 378 1356 402 1401; x_wconf 89' lang='lat' dir='ltr'>et</span> <span class='ocrx_word' id='word_1_103' title='bbox 414 1354 486 1411; x_wconf 79' lang='lat' dir='ltr'>longo</span> <span class='ocrx_word' id='word_1_104' title='bbox 495 1356 549 1410; x_wconf 88' lang='lat' dir='ltr'>post</span> <span class='ocrx_word' id='word_1_105' title='bbox 559 1357 667 1410; x_wconf 85' lang='lat' dir='ltr'>tempore</span> <span class='ocrx_word' id='word_1_106' title='bbox 676 1354 751 1411; x_wconf 86' lang='lat' dir='ltr'>venit,</span> 
     </span>
     <span class='ocr_line' id='line_1_19' title="bbox 171 1422 810 1479; baseline -0.003 -9"><span class='ocrx_word' id='word_1_107' title='bbox 171 1425 297 1479; x_wconf 86' lang='lat' dir='ltr'>postquam</span> <span class='ocrx_word' id='word_1_108' title='bbox 307 1438 350 1470; x_wconf 90' lang='lat' dir='ltr'>nos</span> <span class='ocrx_word' id='word_1_109' title='bbox 360 1423 490 1479; x_wconf 80' lang='lat' dir='ltr'>Amaryllis</span> <span class='ocrx_word' id='word_1_110' title='bbox 500 1422 581 1479; x_wconf 84' lang='lat' dir='ltr'>habet,</span> <span class='ocrx_word' id='word_1_111' title='bbox 594 1423 696 1469; x_wconf 84' lang='lat' dir='ltr'>Galatea</span> <span class='ocrx_word' id='word_1_112' title='bbox 705 1422 810 1478; x_wconf 90' lang='lat' dir='ltr'>reliquit.</span> 
     </span>
    </p>
   </div>
   <div class='ocr_carea' id='block_1_3' title="bbox 170 1490 823 1548">
    <p class='ocr_par' dir='ltr' id='par_1_3' title="bbox 170 1490 823 1548">
     <span class='ocr_line' id='line_1_20' title="bbox 170 1490 823 1548; baseline -0.006 -9"><span class='ocrx_word' id='word_1_113' title='bbox 170 1492 289 1548; x_wconf 87' lang='lat' dir='ltr'>Namque,</span> <span class='ocrx_word' id='word_1_114' title='bbox 300 1491 396 1538; x_wconf 79' lang='lat' dir='ltr'>fatebor</span> <span class='ocrx_word' id='word_1_115' title='bbox 405 1491 476 1547; x_wconf 87' lang='lat' dir='ltr'>euim,</span> <span class='ocrx_word' id='word_1_116' title='bbox 488 1491 545 1537; x_wconf 92' lang='lat' dir='ltr'>dum</span> <span class='ocrx_word' id='word_1_117' title='bbox 555 1506 593 1537; x_wconf 90' lang='lat' dir='ltr'>me</span> <span class='ocrx_word' id='word_1_118' title='bbox 604 1490 707 1538; x_wconf 83' lang='lat' dir='ltr'>Galatea</span> <span class='ocrx_word' id='word_1_119' title='bbox 716 1491 823 1545; x_wconf 90' lang='lat' dir='ltr'>tenebat,</span> 
     </span>
    </p>
   </div>
   <div class='ocr_carea' id='block_1_4' title="bbox 120 1558 845 2565">
    <p class='ocr_par' dir='ltr' id='par_1_4' title="bbox 120 1558 845 2565">
     <span class='ocr_line' id='line_1_21' title="bbox 170 1558 688 1615; baseline -0.004 -7"><span class='ocrx_word' id='word_1_120' title='bbox 170 1575 215 1608; x_wconf 87' lang='lat' dir='ltr'>nec</span> <span class='ocrx_word' id='word_1_121' title='bbox 225 1575 278 1615; x_wconf 85' lang='lat' dir='ltr'>spes</span> <span class='ocrx_word' id='word_1_122' title='bbox 287 1558 409 1606; x_wconf 84' lang='lat' dir='ltr'>libertatis</span> <span class='ocrx_word' id='word_1_123' title='bbox 419 1561 473 1607; x_wconf 86' lang='lat' dir='ltr'>erat</span> <span class='ocrx_word' id='word_1_124' title='bbox 480 1574 524 1606; x_wconf 88' lang='lat' dir='ltr'>nec</span> <span class='ocrx_word' id='word_1_125' title='bbox 534 1575 593 1606; x_wconf 88' lang='lat' dir='ltr'>cura</span> <span class='ocrx_word' id='word_1_126' title='bbox 602 1559 688 1615; x_wconf 87' lang='lat' dir='ltr'>peculi.</span> 
     </span>
     <span class='ocr_line' id='line_1_22' title="bbox 171 1627 728 1686; baseline 0 -12"><span class='ocrx_word' id='word_1_127' title='bbox 171 1629 285 1686; x_wconf 78' lang='lat' dir='ltr'>Quamvis</span> <span class='ocrx_word' id='word_1_128' title='bbox 296 1628 374 1675; x_wconf 88' lang='lat' dir='ltr'>multa</span> <span class='ocrx_word' id='word_1_129' title='bbox 383 1629 442 1675; x_wconf 87' lang='lat' dir='ltr'>meis</span> <span class='ocrx_word' id='word_1_130' title='bbox 452 1627 529 1675; x_wconf 86' lang='lat' dir='ltr'>exiret</span> <span class='ocrx_word' id='word_1_131' title='bbox 538 1628 637 1675; x_wconf 86' lang='lat' dir='ltr'>victima</span> <span class='ocrx_word' id='word_1_132' title='bbox 646 1628 728 1684; x_wconf 87' lang='lat' dir='ltr'>septis,</span> 
     </span>
     <span class='ocr_line' id='line_1_23' title="bbox 170 1695 746 1754; baseline -0.003 -10"><span class='ocrx_word' id='word_1_133' title='bbox 170 1696 267 1754; x_wconf 74' lang='lat' dir='ltr'>pinguis</span> <span class='ocrx_word' id='word_1_134' title='bbox 276 1698 301 1744; x_wconf 90' lang='lat' dir='ltr'>et</span> <span class='ocrx_word' id='word_1_135' title='bbox 311 1696 421 1753; x_wconf 78' lang='lat' dir='ltr'>ingratas</span> <span class='ocrx_word' id='word_1_136' title='bbox 431 1698 582 1752; x_wconf 77' lang='lat' dir='ltr'>premeretur</span> <span class='ocrx_word' id='word_1_137' title='bbox 591 1711 673 1744; x_wconf 85' lang='lat' dir='ltr'>caseus</span> <span class='ocrx_word' id='word_1_138' title='bbox 683 1695 746 1753; x_wconf 91' lang='lat' dir='ltr'>urbi,</span> 
     </span>
     <span class='ocr_line' id='line_1_24' title="bbox 170 1764 845 1821; baseline -0.001 -10"><span class='ocrx_word' id='word_1_139' title='bbox 170 1781 218 1812; x_wconf 91' lang='lat' dir='ltr'>nou</span> <span class='ocrx_word' id='word_1_140' title='bbox 242 1781 356 1820; x_wconf 90' lang='lat' dir='ltr'>umquam</span> <span class='ocrx_word' id='word_1_141' title='bbox 378 1764 458 1821; x_wconf 80' lang='lat' dir='ltr'>gravis</span> <span class='ocrx_word' id='word_1_142' title='bbox 478 1780 533 1812; x_wconf 84' lang='lat' dir='ltr'>aere</span> <span class='ocrx_word' id='word_1_143' title='bbox 555 1765 653 1811; x_wconf 91' lang='lat' dir='ltr'>domum</span> <span class='ocrx_word' id='word_1_144' title='bbox 675 1764 735 1811; x_wconf 83' lang='lat' dir='ltr'>milri</span> <span class='ocrx_word' id='word_1_145' title='bbox 758 1765 845 1812; x_wconf 85' lang='lat' dir='ltr'>dextra</span> 
     </span>
     <span class='ocr_line' id='line_1_25' title="bbox 225 1834 328 1881; baseline 0 0"><span class='ocrx_word' id='word_1_146' title='bbox 225 1834 328 1881; x_wconf 86' lang='lat' dir='ltr'>redibat.</span> 
     </span>
     <span class='ocr_line' id='line_1_26' title="bbox 197 1901 844 1960; baseline -0.003 -10"><span class='ocrx_word' id='word_1_147' title='bbox 197 1903 234 1950; x_wconf 90' lang='lat' dir='ltr'>M.</span> <span class='ocrx_word' id='word_1_148' title='bbox 264 1901 844 1960; x_wconf 79' lang='lat' dir='ltr'>Mirabarquidmaestadeos,Amarylli,vocares3</span> 
     </span>
     <span class='ocr_line' id='line_1_27' title="bbox 171 1970 734 2027; baseline -0.004 -8"><span class='ocrx_word' id='word_1_149' title='bbox 171 1973 209 2020; x_wconf 89' lang='lat' dir='ltr'>cui</span> <span class='ocrx_word' id='word_1_150' title='bbox 219 1971 322 2027; x_wconf 85' lang='lat' dir='ltr'>pendere</span> <span class='ocrx_word' id='word_1_151' title='bbox 337 1986 381 2018; x_wconf 88' lang='lat' dir='ltr'>sua</span> <span class='ocrx_word' id='word_1_152' title='bbox 390 1971 508 2026; x_wconf 88' lang='lat' dir='ltr'>patereris</span> <span class='ocrx_word' id='word_1_153' title='bbox 517 1971 544 2017; x_wconf 91' lang='lat' dir='ltr'>in</span> <span class='ocrx_word' id='word_1_154' title='bbox 553 1970 638 2018; x_wconf 85' lang='lat' dir='ltr'>arbore</span> <span class='ocrx_word' id='word_1_155' title='bbox 648 1985 719 2027; x_wconf 85' lang='lat' dir='ltr'>poma</span> <span class='ocrx_word' id='word_1_156' title='bbox 729 1990 734 2017; x_wconf 76' lang='grc' dir='ltr'><strong>ι</strong></span> 
     </span>
     <span class='ocr_line' id='line_1_28' title="bbox 171 2037 778 2096; baseline -0.007 -8"><span class='ocrx_word' id='word_1_157' title='bbox 171 2042 270 2096; x_wconf 77' lang='lat' dir='ltr'>Tityrus</span> <span class='ocrx_word' id='word_1_158' title='bbox 280 2041 337 2088; x_wconf 90' lang='lat' dir='ltr'>hinc</span> <span class='ocrx_word' id='word_1_159' title='bbox 347 2040 439 2087; x_wconf 86' lang='lat' dir='ltr'>aberat.</span> <span class='ocrx_word' id='word_1_160' title='bbox 469 2039 540 2095; x_wconf 82' lang='lat' dir='ltr'>Ipsae</span> <span class='ocrx_word' id='word_1_161' title='bbox 550 2041 583 2096; x_wconf 86' lang='lat' dir='ltr'>te,</span> <span class='ocrx_word' id='word_1_162' title='bbox 595 2039 687 2095; x_wconf 82' lang='lat' dir='ltr'>Tityre,</span> <span class='ocrx_word' id='word_1_163' title='bbox 698 2037 778 2095; x_wconf 87' lang='lat' dir='ltr'>pinus,</span> 
     </span>
     <span class='ocr_line' id='line_1_29' title="bbox 120 2107 732 2167; baseline -0.005 -10"><span class='ocrx_word' id='word_1_164' title='bbox 120 2109 123 2113; x_wconf 86' lang='grc'><strong>’</strong></span> <span class='ocrx_word' id='word_1_165' title='bbox 134 2132 158 2166; x_wconf 82' lang='lat'>40</span> <span class='ocrx_word' id='word_1_166' title='bbox 168 2109 216 2167; x_wconf 90' lang='lat' dir='ltr'>ipsi</span> <span class='ocrx_word' id='word_1_167' title='bbox 225 2111 250 2156; x_wconf 89' lang='lat' dir='ltr'>te</span> <span class='ocrx_word' id='word_1_168' title='bbox 260 2109 349 2166; x_wconf 84' lang='lat' dir='ltr'>fontes,</span> <span class='ocrx_word' id='word_1_169' title='bbox 358 2108 413 2164; x_wconf 87' lang='lat' dir='ltr'>ipsa</span> <span class='ocrx_word' id='word_1_170' title='bbox 426 2107 486 2155; x_wconf 86' lang='lat' dir='ltr'>hacc</span> <span class='ocrx_word' id='word_1_171' title='bbox 496 2107 596 2155; x_wconf 85' lang='lat' dir='ltr'>arbusta</span> <span class='ocrx_word' id='word_1_172' title='bbox 605 2107 732 2155; x_wconf 85' lang='lat' dir='ltr'>vocabant.</span> 
     </span>
     <span class='ocr_line' id='line_1_30' title="bbox 199 2174 836 2234; baseline -0.008 -9"><span class='ocrx_word' id='word_1_173' title='bbox 199 2179 228 2225; x_wconf 86' lang='lat' dir='ltr'>T.</span> <span class='ocrx_word' id='word_1_174' title='bbox 258 2177 320 2234; x_wconf 81' lang='lat' dir='ltr'>Quid</span> <span class='ocrx_word' id='word_1_175' title='bbox 331 2178 452 2224; x_wconf 79' lang='lat' dir='ltr'>lacerem?</span> <span class='ocrx_word' id='word_1_176' title='bbox 465 2192 542 2231; x_wconf 87' lang='lat' dir='ltr'>neque</span> <span class='ocrx_word' id='word_1_177' title='bbox 556 2175 652 2222; x_wconf 81' lang='lat' dir='ltr'>servitio</span> <span class='ocrx_word' id='word_1_178' title='bbox 665 2191 703 2222; x_wconf 92' lang='lat' dir='ltr'>me</span> <span class='ocrx_word' id='word_1_179' title='bbox 715 2175 780 2223; x_wconf 85' lang='lat' dir='ltr'>exire</span> <span class='ocrx_word' id='word_1_180' title='bbox 791 2174 836 2221; x_wconf 86' lang='lat' dir='ltr'>lice</span> 
     </span>
     <span class='ocr_line' id='line_1_31' title="bbox 225 2246 269 2294; baseline -0.045 0"><span class='ocrx_word' id='word_1_181' title='bbox 225 2246 269 2294; x_wconf 91' lang='lat' dir='ltr'>bat</span> 
     </span>
     <span class='ocr_line' id='line_1_32' title="bbox 169 2312 725 2370; baseline -0.007 -7"><span class='ocrx_word' id='word_1_182' title='bbox 169 2330 213 2363; x_wconf 87' lang='lat' dir='ltr'>uec</span> <span class='ocrx_word' id='word_1_183' title='bbox 222 2316 274 2362; x_wconf 84' lang='lat' dir='ltr'>tam</span> <span class='ocrx_word' id='word_1_184' title='bbox 284 2315 422 2370; x_wconf 88' lang='lat' dir='ltr'>praesentes</span> <span class='ocrx_word' id='word_1_185' title='bbox 432 2313 490 2360; x_wconf 87' lang='lat' dir='ltr'>alibi</span> <span class='ocrx_word' id='word_1_186' title='bbox 500 2327 641 2369; x_wconf 75' lang='lat' dir='ltr'>cognoscere</span> <span class='ocrx_word' id='word_1_187' title='bbox 651 2312 725 2360; x_wconf 85' lang='lat' dir='ltr'>divos.</span> 
     </span>
     <span class='ocr_line' id='line_1_33' title="bbox 170 2380 757 2438; baseline -0.005 -9"><span class='ocrx_word' id='word_1_188' title='bbox 170 2384 218 2430; x_wconf 89' lang='lat' dir='ltr'>Hic</span> <span class='ocrx_word' id='word_1_189' title='bbox 227 2383 296 2429; x_wconf 88' lang='lat' dir='ltr'>illum</span> <span class='ocrx_word' id='word_1_190' title='bbox 305 2382 356 2428; x_wconf 85' lang='lat' dir='ltr'>vidi</span> <span class='ocrx_word' id='word_1_191' title='bbox 364 2382 483 2438; x_wconf 84' lang='lat' dir='ltr'>iuvenem,</span> <span class='ocrx_word' id='word_1_192' title='bbox 494 2380 618 2437; x_wconf 86' lang='lat' dir='ltr'>Meliboee,</span> <span class='ocrx_word' id='word_1_193' title='bbox 630 2380 757 2436; x_wconf 83' lang='lat' dir='ltr'>quotannis</span> 
     </span>
     <span class='ocr_line' id='line_1_34' title="bbox 169 2448 696 2498; baseline 0 -2"><span class='ocrx_word' id='word_1_194' title='bbox 169 2451 282 2498; x_wconf 89' lang='lat' dir='ltr'>bissenos</span> <span class='ocrx_word' id='word_1_195' title='bbox 292 2450 331 2498; x_wconf 89' lang='lat' dir='ltr'>cui</span> <span class='ocrx_word' id='word_1_196' title='bbox 341 2452 424 2497; x_wconf 86' lang='lat' dir='ltr'>nostra</span> <span class='ocrx_word' id='word_1_197' title='bbox 434 2450 484 2497; x_wconf 89' lang='lat' dir='ltr'>dies</span> <span class='ocrx_word' id='word_1_198' title='bbox 493 2448 582 2496; x_wconf 86' lang='lat' dir='ltr'>altaria</span> <span class='ocrx_word' id='word_1_199' title='bbox 591 2449 696 2496; x_wconf 87' lang='lat' dir='ltr'>fumant.</span> 
     </span>
     <span class='ocr_line' id='line_1_35' title="bbox 217 2519 275 2565; baseline 0 0"><span class='ocrx_word' id='word_1_200' title='bbox 217 2519 275 2565; x_wconf 76' lang='grc' dir='ltr'>(το)</span> 
     </span>
    </p>
   </div>
   <div class='ocr_carea' id='block_1_5' title="bbox 0 0 991 3164">
    <p class='ocr_par' dir='ltr' id='par_1_5' title="bbox 0 0 991 3164">
     <span class='ocr_line' id='line_1_36' title="bbox 0 0 991 3164; baseline 0 0"><span class='ocrx_word' id='word_1_201' title='bbox 0 0 991 3164; x_wconf 95' lang='lat' dir='ltr'> </span> 
     </span>
    </p>
   </div>
  </div>
 </body>
</html>
