1972 3164
351 175 374 213 P.
387 173 506 214 VERGILI
519 172 649 214 Maleoms

190 272 254 320 Exin
264 286 290 320 se
299 271 382 320 euneti
391 272 478 321 divinis
487 272 559 320 rebus
569 273 602 320 ad
610 273 699 320 urbem

162 341 276 398 perfectis
285 341 406 390 referunt.
435 341 493 388 Ibat
502 357 547 388 rex
557 340 653 388 obsitus
663 356 737 399 aevo,

162 412 188 458 et
198 411 310 459 eomitem
318 410 420 457 Aenean
428 409 498 456 iuxta
507 410 643 465 natumque
652 411 757 459 tenebat

162 479 301 537 ingrediens
311 479 425 534 varioque
434 477 499 525 viam
509 493 620 526 sermone
630 478 738 527 levabat.

115 564 153 602 310
164 549 272 597 Miratur
280 547 410 603 facilesque
420 547 501 594 oeulos
510 547 561 594 fert
570 547 655 594 omnia
664 547 759 596 circum

163 618 268 673 Aeneas,
278 616 421 672 capiturque
430 615 498 672 loeis,
507 617 533 662 et
543 614 643 673 singula
652 615 736 664 laetus

163 683 314 741 exquiritque
323 684 439 739 audiwue
449 683 529 732 virum
539 683 693 731 monimenta
701 684 819 740 priorum.

164 754 228 800 Tum
237 768 280 800 rex
290 751 428 810 Evandrus,
439 752 565 800 Romanae
575 751 688 799 eonditor
697 752 764 800 areis
776 773 783 800 ι

165 822 246 868 ‘Haeo
255 836 354 869 nemora
363 820 490 878 indigenae
500 820 580 868 Fauni
590 820 838 878 Nymphaequeteue·

165 972 271 1017 gensque
280 957 360 1004 virum
370 957 465 1005 truncis
474 958 500 1005 et
510 957 571 1004 duro
581 957 669 1005 robore
680 959 751 1014 nata,

165 1027 232 1083 queis
249 1041 325 1082 neque
340 1040 393 1072 mos
409 1041 486 1083 neque
500 1026 581 1074 cultus
598 1028 662 1084 erat,
680 1041 727 1075 nee
743 1027 838 1085 iungere

222 1097 306 1142 tauros

166 1167 210 1213 aut
220 1178 362 1220 componere
371 1178 428 1221 opes
438 1165 528 1212 nerant
537 1166 581 1211 aut
591 1179 692 1221 paroere
700 1167 783 1224 parto,

166 1233 209 1281 sed
218 1232 280 1280 rami
290 1235 363 1288 atqua
372 1247 444 1288 asper
453 1232 520 1280 victu
530 1234 633 1280 venatus
642 1233 736 1282 alebat.

167 1302 265 1349 Primus
275 1301 305 1348 ab
316 1301 423 1348 aetherio
432 1300 501 1348 venit
511 1301 633 1348 Saturnus
643 1301 760 1360 Olympo,

118 1385 156 1423 320
168 1385 237 1418 arma
246 1369 312 1418 Iovis
322 1369 418 1426 fugiens
428 1369 454 1416 et
463 1369 545 1425 regnis
554 1368 623 1416 exsul
632 1369 765 1426 ademptis.

167 1439 193 1486 Is
203 1454 279 1496 genus
289 1437 392 1486 indocile
402 1452 430 1485 ao
440 1437 577 1492 dispersum
587 1437 712 1485 montibus
722 1439 781 1486 altis

167 1507 310 1564 composuit,
321 1505 432 1563 legesque
442 1505 517 1562 dedit,
528 1505 676 1562 Latiumque
686 1507 770 1554 vooari

167 1575 262 1632 maluit,
272 1574 309 1621 bis
320 1574 433 1631 quoniam
442 1573 555 1621 latuisset
564 1575 634 1621 tutus
644 1573 671 1621 iu
681 1573 740 1622 oris.

167 1645 250 1692 Aurea
259 1658 320 1699 quae
330 1642 458 1699 perhibent
467 1641 509 1688 illo
519 1642 564 1689 sub
572 1657 630 1698 rege
639 1641 710 1690 fuere

167 1713 270 1760 saecula.
301 1712 340 1759 sic
350 1711 445 1767 placida
454 1711 554 1766 populos
563 1711 590 1757 in
600 1725 660 1766 paee
669 1710 781 1768 regebat,

166 1781 272 1830 deterior
281 1780 356 1827 donee
365 1779 484 1835 paulatim
494 1794 523 1826 ae
533 1778 629 1827 decolor
638 1780 708 1826 aetas

167 1852 192 1898 et
201 1848 258 1896 belli
268 1847 345 1895 rabies
355 1849 380 1894 et
390 1862 458 1893 amor
467 1847 582 1894 successit
590 1846 705 1894 habendi.

169 1919 232 1966 Tum
243 1931 329 1963 manue
339 1915 448 1962 Ausonia
457 1915 482 1962 et
492 1917 578 1973 gentes
587 1929 675 1962 venere
685 1914 798 1971 Sicanae,

169 1986 265 2043 saepius
274 1987 299 2032 et
309 1999 397 2032 nomen
407 1983 488 2039 posuit
499 1982 616 2029 Saturnia
624 1983 698 2030 tellus
708 2002 715 2039 ς

120 2062 157 2102 ³30
169 2057 223 2102 tum
232 2069 302 2113 reges
312 2068 430 2110 asperque
439 2051 540 2098 immani
550 2067 648 2107 corpore
659 2050 776 2108 Thybris,

169 2139 240 2179 aquo
250 2125 305 2179 post
315 2121 373 2168 Itali
383 2121 482 2168 fluvium
493 2119 633 2177 cognomine
644 2119 765 2176 Thybrim

170 2192 273 2238 diximus
285 2189 375 2248 (amisit
385 2204 470 2236 verum
480 2189 550 2234 vetus
560 2187 651 2234 Albula
660 2188 768 2244 nomen).

169 2261 211 2308 Me
221 2260 317 2317 pulsum
327 2258 408 2315 patria
417 2256 541 2313 pelagique
551 2257 660 2303 extrema
670 2258 812 2312 sequentem

167 2327 269 2375 fortuna
278 2326 428 2381 omnipotens
438 2327 463 2372 et
472 2323 625 2372 ineluctabile
635 2323 728 2370 fatum⁴

167 2396 205 2443 his
216 2411 315 2452 posuere
326 2395 392 2451 locis,
402 2394 533 2449 matrisque
543 2408 613 2449 egere
622 2393 751 2440 tremenda

168 2465 305 2579 Carmentis
312 2465 441 2522 Nymphae
448 2462 569 2521 monitaet
579 2463 638 2510 deus
644 2463 731 2509 auctor
736 2459 844 2516 Apollo?

234 2545 270 2579 304
