1972 3164
407 189 518 230 AENEIS.
543 191 598 230 VIII

167 286 215 334 Vix
224 301 254 334 ea
263 286 328 335 dicta
337 307 343 334 ι
360 287 446 335 dehinc
456 302 598 346 progressus
608 290 729 337 monstrat
739 291 765 336 et
775 304 843 336 aram

166 357 192 404 et
203 355 382 404 Carmentalem
392 356 497 404 Romani
506 357 604 404 nomine
614 359 711 413 portam

166 439 239 480 quam
263 426 407 482 memorant,
426 425 554 482 Nymphae
578 427 685 482 priscum
706 427 843 476 Carmentis

225 493 350 552 honorem,

121 579 156 617 34⁰
167 561 231 610 vatis
241 562 364 620 fatidicae,
376 562 462 611 cecinit
472 579 533 619 quae
543 563 622 620 prima
632 564 729 612 futuros

166 632 294 681 Aeneadas
303 647 403 688 magnos
412 632 438 679 et
447 632 525 679 nobile
535 632 699 680 Pallanteum.

166 701 233 749 Hinc
242 701 324 748 lucum
333 701 456 757 ingentem
466 715 536 756 quem
543 701 661 748 Romulus
671 717 726 750 acer
732 701 837 759 Asylum

166 769 264 817 rettuIIt
273 771 298 817 et
307 770 387 828 gelida
396 770 518 816 monstrat
527 769 572 816 sub
581 786 643 825 rupe
653 771 782 828 Lupercal,

166 838 299 886 Parrhasio
307 838 399 885 dictum
409 837 489 884 Panos
498 838 528 885 de
537 853 603 886 more
613 839 708 895 Lycaei.

165 907 218 955 Nec
227 922 276 955 non
286 907 311 954 et
320 907 383 954 sacri
392 908 513 953 monstrat
522 922 608 954 nemus
617 907 732 966 Argileti,

165 976 318 1030 testaturque
327 975 415 1031 locum,
426 975 451 1022 et
460 974 537 1022 letum
547 975 618 1023 docet
628 976 731 1032 hospitis
741 976 812 1033 Argi.

166 1044 232 1091 Hinc
241 1044 274 1091 ad
283 1043 412 1098 Tarpeiam
421 1043 501 1090 eedem
511 1045 537 1090 et
547 1044 668 1099 Capitolia
678 1044 754 1101 ducib,

166 1127 241 1159 aurea
250 1127 323 1168 nunc,
334 1111 390 1158 olirn
400 1112 549 1158 silvestribus
559 1113 657 1160 horrida
666 1112 753 1160 dumis.

166 1180 220 1226 Iam
230 1181 284 1227 tum
294 1180 378 1237 religio
387 1180 485 1235 pavidos
495 1180 604 1227 terrebat
615 1183 724 1236 agrestes

122 1266 157 1304 3⁵0
167 1248 222 1295 diua
231 1248 284 1305 loci,
294 1248 343 1296 Iam
352 1250 406 1295 tum
416 1247 502 1294 silvam
512 1263 643 1303 saxumque
653 1248 800 1295 tremebant.

168 1317 239 1365 ‘Hoc
248 1332 341 1375 nemus,
348 1317 428 1369 hunc’
439 1316 518 1372 inquit
529 1316 655 1364 ‘frondoso
660 1316 751 1364 vertice
759 1316 843 1363 collem

167 1386 229 1443 (quis
249 1386 308 1433 dens
324 1385 445 1434 incertum
462 1385 508 1440 cst)
526 1383 623 1431 habitat
641 1385 714 1432 deus:
735 1384 843 1432 Arcades

223 1469 303 1511 rpsum

166 1522 270 1570 credunt
279 1538 305 1571 se
315 1522 401 1570 vidisse
410 1523 502 1581 Iovem,
513 1539 568 1571 cum
579 1538 650 1579 saepe
660 1522 801 1579 nigrantem

166 1592 253 1650 aegida
262 1593 402 1640 concuteret
412 1592 499 1640 dextra
509 1592 649 1648 nimbosque
660 1593 743 1640 cieret.

166 1660 236 1709 Haec
246 1660 294 1707 dno
304 1661 430 1716 praeterea
439 1660 544 1708 disIectis
554 1661 642 1716 oppida
652 1660 736 1716 muris,

165 1728 279 1783 reliquias
289 1730 445 1784 veterumque
454 1728 521 1776 videe
531 1729 681 1776 monimenta
690 1728 807 1775 virorum.

167 1797 240 1845 Hanc
249 1798 325 1844 Ianua
334 1797 413 1853 pater,
423 1797 486 1844 hauc
496 1798 617 1845 Sutmnus
628 1797 735 1844 condidit
745 1812 826 1844 arcem
838 1817 843 1843 :

166 1865 304 1914 Ianiculum
313 1865 378 1922 huic,
389 1865 424 1911 illi
433 1865 515 1914 fuerat
526 1866 641 1914 Saturnia
650 1866 754 1913 nomen!

167 1935 267 1983 Talibus
276 1935 342 1982 inter
351 1949 376 1981 ae
386 1934 457 1982 dictis
466 1936 498 1981 ad
505 1937 573 1983 tecta
582 1935 695 1982 subibant

122 2019 157 2068 3⁶0
168 2004 282 2061 pauperis
292 2003 409 2060 EvandrI,
420 2004 556 2059 passimque
566 2006 678 2050 armenta
686 2003 803 2050 videbant

168 2073 325 2128 Romanoque
335 2071 389 2119 foro
398 2074 423 2119 et
433 2072 507 2118 lautis
516 2071 610 2127 mugire
621 2071 723 2118 Carinis.

168 2142 205 2189 Ut
215 2143 315 2188 ventum
325 2140 356 2187 ad
367 2140 441 2196 sedes,
454 2141 460 2161 ‘
470 2141 553 2187 Haec'
564 2139 643 2194 inquit
654 2138 753 2185 ‘limina'
762 2139 840 2186 victor

168 2210 265 2258 Alcides
276 2208 358 2264 subiit,
369 2208 507 2256 baccillum
518 2207 586 2264 regia
595 2207 668 2262 cepit.

168 2279 247 2334 Ande,
258 2278 353 2334 hospes,
364 2280 519 2325 contemnere
533 2291 590 2330 epea
604 2276 629 2322 et
643 2276 669 2322 te
682 2289 775 2330 quoque
794 2275 845 2332 dig-

224 2362 284 2394 num

167 2417 232 2473 finge
243 2416 295 2473 deo,
306 2415 424 2471 rebusque
435 2413 490 2460 veni
499 2428 547 2459 non
557 2427 629 2467 asper
638 2412 736 2468 egenis)

168 2485 239 2533 Dixit
249 2486 275 2533 et
284 2485 384 2542 angusti
394 2484 478 2532 subter
487 2481 588 2538 fastigia
597 2481 658 2528 tecti

217 2556 226 2604 (
236 2555 288 2606 sos)
