1972 3164
419 186 529 227 AENEIS.
554 188 598 227 VII

170 278 196 325 et
205 277 296 335 petiere
306 279 386 328 sibiet
396 283 492 332 voluere
501 286 633 343 adiungere
642 288 727 343 gentes
736 308 742 344 ;

170 346 214 394 sed
222 362 265 400 nos
274 347 328 396 tata
337 349 407 397 deum
417 353 510 400 vestras
520 355 645 409 exquirere
654 357 734 402 terras

122 433 160 472 240
169 415 276 471 imperiis
285 432 356 474 egere
366 419 423 467 suis.
453 421 518 469 Hinc
528 423 660 470 Dardanus
670 426 753 481 ortus3

169 483 218 530 hnc
227 485 315 540 repetit
324 485 441 543 iussisque
450 488 589 546 ingentibus
600 493 671 548 urget
681 492 769 548 Apollo

170 551 323 667 lingonum
346 555 377 603 ad
406 556 523 613 Thybrim
546 561 571 604 et
593 559 668 606 fontis
692 561 756 607 vada
778 575 847 607 sacra

254 638 334 670 um1c1.

169 690 221 738 Dat
230 690 275 737 tibi
285 693 410 747 praeterea
419 692 532 741 fortunae
542 710 618 750 parva
627 695 714 752 prioris
803 737 805 741 .

169 774 278 817 munera,
288 759 400 816 reliquias
410 761 483 808 Thoia
492 777 522 810 ex
531 764 632 811 ardente
641 767 760 821 receptas.

169 827 225 875 Hoc
234 829 305 883 pater
313 828 430 877 Anchises
440 845 500 876 auro
509 830 601 878 libabat
611 833 643 880 ad
651 848 707 880 aras
718 854 723 881 ε

168 896 214 944 hoc
224 896 315 944 Priami
323 898 449 953 gestamen
458 901 520 955 erat,
532 915 587 946 cum
595 901 651 948 iura
659 902 752 948 vocatis

169 979 236 1012 more
246 965 315 1012 daret
324 965 427 1024 populis,
438 969 607 1024 sceptrumque
618 985 732 1026 sacerque
741 971 818 1017 tiaras

169 1032 321 1088 Iliadumque
330 1033 399 1080 labor
408 1035 506 1083 vestes!

199 1100 299 1148 Talibus
309 1101 394 1149 Ilionei
403 1102 474 1150 dictis
484 1103 563 1151 defixa
573 1105 677 1152 Latinus

122 1169 161 1228 256
170 1167 259 1216 obtutu
267 1170 335 1216 tenet
342 1185 393 1227 ora,
404 1171 500 1226 soloque
509 1172 637 1219 immobilis
646 1173 739 1231 haeret,

169 1237 277 1284 intentos
287 1237 384 1284 volvens
394 1239 483 1287 oculos.
512 1241 565 1288 Nec
575 1256 685 1296 purpura
693 1256 776 1297 regem

169 1303 237 1362 picta
245 1306 326 1352 movet
334 1321 378 1353 nec
388 1309 484 1362 sceptra
493 1310 591 1355 movent
602 1307 722 1355 Priameia
731 1310 839 1365 tantum,

170 1374 289 1429 quantum
298 1373 324 1420 in
334 1373 435 1421 conubio
443 1377 516 1422 natae
526 1375 680 1430 thalamoque
689 1377 813 1432 moratur;

169 1442 196 1488 et
205 1441 294 1488 veteris
303 1441 383 1488 Fauni
392 1443 468 1490 volvit
478 1443 523 1490 sub
533 1445 629 1499 pectore
639 1445 737 1500 sortem,

168 1509 235 1557 hunc
243 1509 313 1556 illum
322 1509 381 1557 fatis
390 1513 493 1558 externa
502 1511 533 1558 ab
544 1512 599 1558 sede
610 1511 751 1566 profectum

169 1577 282 1634 portendi
291 1593 415 1636 generum,
425 1580 570 1635 paribusque
579 1580 605 1626 in
615 1596 691 1636 regna
699 1583 780 1628 vocari

169 1646 291 1704 auspiciis,
302 1646 358 1694 huic
367 1647 505 1703 progeniem
514 1647 606 1694 virtute
616 1647 726 1694 futuram

168 1713 300 1772 egregiam,
311 1716 337 1761 et
346 1715 426 1761 totum
436 1730 496 1770 quae
506 1715 597 1762 viribus
607 1717 707 1771 occupet
717 1717 806 1764 orbem.

170 1782 280 1830 Tandem
289 1783 368 1830 laetus
378 1783 413 1830 ait
423 1803 429 1830 z
446 1782 493 1830 ‘Di
502 1785 586 1830 nostra
594 1784 691 1839 incepta
700 1785 832 1832 secundent

122 1859 159 1898 260
170 1851 346 1908 auguriumque
352 1855 437 1899 suum!
452 1851 566 1909 Dabitur,
571 1853 682 1911 bolano,
689 1855 753 1910 quod
759 1859 845 1912 optas3
858 1864 861 1870 '

169 1934 272 1967 munera
281 1935 326 1967 nec
335 1935 431 1977 sperno,
441 1935 490 1967 non
499 1920 565 1968 vobis
577 1937 634 1978 rege
644 1923 733 1969 Latino

169 1988 252 2036 divitis
261 1988 321 2035 uber
330 1989 384 2045 agri
393 1989 508 2036 Troiaeve
517 1989 640 2045 opulentia
648 1989 732 2037 deerit.

169 2056 226 2112 Ipse
235 2057 307 2104 modo
315 2057 417 2114 Aeneas,
428 2058 505 2104 nostri
516 2057 535 2104 si
545 2059 617 2104 tanta
627 2058 713 2113 cupido
723 2059 770 2114 est,

169 2125 191 2172 si
200 2125 268 2183 iungi
277 2126 380 2182 hospitio
390 2129 504 2182 properat
514 2127 637 2181 sociusque
644 2126 733 2182 vocari,

169 2193 292 2250 adveniat,
302 2193 385 2240 vultus
394 2209 454 2241 neve
464 2194 617 2241 exhorrescat
628 2193 716 2240 amicos
727 2213 733 2239 z

169 2277 227 2318 pars
234 2263 293 2309 mihi
302 2262 368 2318 pacis
378 2263 425 2310 erit
434 2262 545 2311 dextrum
554 2263 663 2318 tetigisse
673 2262 780 2317 tyranni.

170 2331 221 2378 Vos
232 2332 316 2378 contra
325 2331 377 2388 regi
385 2347 439 2378 mea
448 2347 513 2378 nunc
523 2331 638 2377 mandata
648 2330 746 2376 referte.

170 2399 217 2446 Est
227 2398 286 2444 mihi
295 2400 362 2456 nata,
373 2399 424 2446 viro
434 2400 514 2456 gentis
523 2414 595 2455 quam
604 2399 705 2454 iungere
715 2399 812 2445 nostrae

170 2467 309 2583 ncn(patr)io
318 2483 348 2514 ex
357 2469 430 2524 adyto
439 2469 524 2524 sortes,
534 2483 583 2514 uon
593 2467 699 2523 piurima
708 2467 775 2514 caelo
814 2522 823 2535 ·

237 2547 273 2583 275
