1972 3164
355 178 376 216 P.
390 178 509 217 VERGILI
522 179 649 218 MARONIS

117 292 155 327 270
165 274 274 322 monstra
283 273 366 322 sinunt
377 296 382 322 ι
397 291 498 332 generos
507 277 614 324 externis
623 277 699 324 affore
709 277 742 324 ab
751 277 811 337 oris,

164 342 209 389 hoc
220 343 291 389 Latio
299 345 392 391 restare
402 345 502 400 canunt,
512 345 553 400 qui
563 345 681 402 sanguine
691 348 806 395 nostrum

164 426 251 458 nomen
260 411 363 461 inastra
372 413 461 460 ferant.
491 413 565 460 Hunc
574 413 643 458 illum
653 428 752 469 poscere
761 413 818 463 fata

164 480 189 526 et
198 495 254 527 reor
263 482 296 537 ct,
307 480 327 527 si
336 481 393 536 quid
403 480 453 528 veri
462 495 530 527 mens
539 484 653 538 augurat,
663 482 739 536 opto.'

164 548 233 595 Haec
242 549 331 595 effatus
341 564 413 604 equos
422 564 523 596 numero
533 551 603 605 pater
612 549 680 605 eligit
689 549 764 598 omni.

165 616 271 663 Stabant
280 619 319 663 ter
329 619 426 664 centum
436 617 507 664 nitidi
516 616 542 664 in
552 617 705 673 praesepibus
715 617 781 666 altis.

164 683 281 732 Omnibus
291 685 411 741 extemplo
421 685 519 749 Teucris
528 685 595 732 iubet
605 685 688 732 ordine
699 685 756 733 duci

162 752 279 800 instratos
289 755 354 800 ostro
363 753 467 808 alipedes
477 753 594 809 pictisque
603 753 693 809 tapetis
703 772 710 811 ;

163 835 238 867 aurea
246 822 383 876 pectoribus
393 821 496 868 demissa
505 821 604 868 monilia
612 821 719 877 pendent
728 839 735 879 3

164 889 224 936 tecti
233 905 302 946 auro,
312 889 408 936 fulvum
417 890 536 937 mandunt
546 890 710 937 subdentibus
720 905 810 938 aurum
820 910 826 948 ;

115 960 153 999 280
163 957 258 1004 absenti
267 958 363 1005 Aeneae
373 973 471 1006 currum
480 957 633 1014 geminosque
642 957 737 1013 iugales

163 1025 252 1073 semine
262 1026 293 1073 ab
303 1025 417 1082 aetherio,
429 1026 548 1081 spirantes
557 1025 656 1073 naribus
664 1026 755 1084 ignem,

161 1094 259 1142 illorum
269 1095 298 1143 de
307 1097 388 1152 gente,
398 1096 464 1150 patri
473 1111 531 1151 quos
541 1095 642 1141 daedala
651 1094 720 1142 Circe

162 1163 287 1218 supposita
296 1164 325 1210 de
335 1165 414 1210 matre
423 1162 509 1209 nothos
518 1162 602 1210 furata
611 1163 712 1210 creavit.

162 1231 261 1278 Talibus
271 1231 399 1278 Aeneadae
408 1230 476 1277 donis
486 1231 601 1286 dictisque
611 1230 696 1278 Latini

162 1299 275 1347 sublimes
284 1299 310 1347 in
320 1300 386 1355 equis
396 1300 498 1346 redeunt
507 1313 636 1355 pacemque
645 1300 782 1354 reportant.

190 1364 254 1412 Ecce
263 1367 346 1412 autem
356 1364 461 1411 Inachiis
471 1378 522 1410 sese
534 1363 655 1411 referebat
665 1363 696 1410 ab
706 1364 782 1420 Argis

162 1447 234 1479 saeva
244 1433 308 1480 Iovis
317 1432 430 1488 coniunx,
441 1447 559 1487 aurasque
568 1432 664 1479 invecta
673 1432 783 1489 tenebat,

161 1503 187 1548 et
196 1501 288 1549 laetum
297 1502 398 1549 Aenean
407 1500 553 1556 classemque
563 1516 593 1548 ex
602 1500 699 1548 aethere
708 1500 781 1558 longe

161 1569 312 1616 Dardaniam
323 1569 404 1616 Siculo
413 1569 535 1624 prospexit
545 1569 660 1624 abusque
670 1568 795 1625 Pachyno.

113 1655 150 1691 290
162 1639 243 1685 Moliri
252 1639 301 1685 iam
310 1640 377 1685 tecta
386 1638 461 1694 videt,
470 1637 519 1684 iam
529 1637 602 1684 fidere
612 1638 700 1694 terrac,

161 1707 292 1753 deseruisse
301 1708 366 1753 rates
376 1727 381 1753 :
397 1707 466 1753 stetit
476 1705 526 1753 acri
536 1705 584 1752 fixa
594 1705 689 1752 dolore:

159 1776 213 1820 tum
223 1789 338 1830 quassans
348 1776 422 1829 caput
431 1774 491 1822 haec
500 1774 604 1822 effundit
614 1776 709 1830 pectore
720 1772 802 1821 dicta:

160 1842 232 1889 ‘Heu
241 1842 341 1896 stirpem
351 1841 454 1888 invisam
464 1845 489 1890 et
498 1842 557 1890 fatis
568 1841 690 1889 contraria
698 1841 790 1888 nostris

158 1909 212 1958 fata
223 1910 346 1966 Phrygum
357 1912 362 1956 l
383 1925 441 1956 num
453 1910 529 1967 Sigeis
540 1910 679 1958 occumbere
689 1909 791 1966 campis,

158 1995 218 2026 num
228 1978 293 2034 capti
302 1979 404 2033 potuere
414 1979 483 2034 capi?
502 1994 561 2025 num
571 1979 668 2026 incensa
678 1977 798 2025 cremarit

159 2048 233 2095 Troia
241 2047 322 2094 viros?
340 2046 431 2093 medias
440 2046 503 2093 acies
513 2046 649 2101 mediosque
658 2061 702 2100 per
710 2044 780 2101 ignes

157 2117 271 2165 invenere
281 2116 353 2163 viam.
383 2114 426 2171 At,
438 2115 516 2171 credo,
528 2130 582 2161 mea
590 2114 692 2160 numina
700 2113 802 2160 tandem

158 2186 224 2233 fessa
232 2186 321 2241 iacent,
332 2183 392 2231 odiis
403 2185 446 2230 aut
456 2185 597 2230 exsaturata
607 2183 693 2238 quievi.

159 2255 223 2311 Quin
233 2255 306 2302 etiam
317 2253 399 2308 patria
409 2266 521 2298 excussos
530 2251 620 2298 infesta
629 2266 673 2306 per
682 2251 760 2297 undas

110 2342 148 2380 300
159 2339 220 2370 ausa
229 2323 304 2379 sequi,
315 2323 340 2368 et
350 2320 459 2376 profugis
468 2321 521 2365 toto
530 2333 568 2366 me
579 2334 698 2374 opponere
707 2319 792 2374 ponto.

158 2391 301 2446 absumptae
310 2389 336 2436 in
346 2390 451 2435 Teucros
461 2387 524 2433 vires
534 2387 639 2442 caelique
648 2386 776 2441 marisque.

159 2459 222 2574 Quid
234 2459 317 2573 Sgrtes
326 2458 370 2504 aut
381 2455 461 2511 Scylla
470 2454 537 2510 mihi,
548 2454 606 2510 quid
613 2455 684 2502 vasta
694 2453 830 2510 Charybdis

224 2539 247 2575 ²7
