1972 3164
354 193 376 231 P.
389 192 509 231 VERGILI
522 191 652 232 MARONIS

165 290 295 345 deprensos
306 293 393 337 nautas
404 291 503 338 canibus
512 290 632 337 lacerasse
644 292 758 339 marinis.

164 360 207 406 sed
217 375 294 415 neque
304 361 429 407 Maeoniae
438 360 567 414 patiuntur
577 360 676 407 credere
688 361 795 410 chartae

164 443 209 475 neo
219 428 298 474 malus
308 429 410 474 istorum
422 427 500 473 dubiis
510 427 632 473 erroribus
642 430 741 476 auctor.

164 511 268 551 namque
278 496 337 542 alias
347 495 389 541 alii
398 495 472 550 vulgo
482 495 572 541 finxere
582 495 686 552 puellas,

164 579 224 620 quae
235 564 409 618 Colophoniaco
420 563 512 618 Scyllae
522 563 637 610 dicantur
645 563 767 612 Homero.

163 632 214 688 ipse
225 632 340 679 Crataein
350 632 385 678 ait
395 634 498 678 matrem
510 651 515 677 z
530 631 571 678 sed
581 632 631 678 sive
642 631 767 690 Crataeis,

164 701 214 747 sive
223 700 290 746 illam
300 701 409 746 monstro
417 700 502 755 gennit
513 698 633 755 'sgravena
642 699 754 756 biformi,

163 768 213 814 sive
223 768 259 813 est
268 770 356 813 neutra
366 782 461 823 parens,
473 769 545 822 atoue
554 767 599 813 hoo
608 767 634 812 in
644 767 756 814 carmine
767 770 823 816 toto

164 835 269 891 inguinis
279 837 316 882 est
326 835 412 881 vitium
422 837 447 882 ct
458 835 559 883 Veneris
570 835 693 889 descripta
702 835 791 895 libido,

127 927 152 963 ⁷0
164 904 213 951 sive
223 904 296 951 etiam
305 904 375 951 iactis
386 905 488 960 speciem
496 906 592 951 mutata
601 904 702 951 venenis

163 973 249 1020 infelix
258 973 325 1029 virgo
336 973 401 1029 (quid
411 973 475 1019 enim
485 973 639 1020 commiserat
648 972 710 1019 illa?

163 1042 214 1098 ipse
224 1044 295 1098 pater
304 1042 414 1088 timidam
425 1042 506 1088 Sicula
516 1041 653 1096 complexus
663 1041 763 1090 harena

163 1111 300 1168 coniugium
310 1113 390 1157 castae
400 1110 532 1157 violaverat
542 1109 720 1166 Amphitrites3

163 1182 273 1228 attamen
283 1181 364 1238 exegit
372 1180 444 1236 longo
453 1182 508 1236 post
518 1181 627 1235 tempore
636 1195 739 1237 poenas,

164 1251 201 1306 ut,
213 1265 268 1297 cum
278 1266 336 1297 cura
346 1265 403 1297 suae
413 1250 542 1296 veheretur
552 1248 660 1305 coniugis
670 1249 733 1306 alto,

163 1318 216 1375 ipsa
225 1320 317 1366 trucem
328 1318 405 1364 multo
413 1319 524 1366 misceret
534 1318 651 1376 sanguine
662 1319 790 1376 pontum),

163 1402 206 1434 seu
214 1403 281 1445 vero,
292 1390 320 1434 ut
330 1387 465 1443 perhibent,
476 1387 619 1434 lamecum
629 1386 742 1434 vinceret
753 1404 841 1437 omnes

161 1458 187 1503 et
197 1457 294 1512 cupidos
304 1458 405 1512 quaestu
415 1456 504 1512 passim
514 1456 640 1511 popularet
650 1458 776 1514 amantes,

162 1526 266 1582 piscibus
276 1526 335 1573 haec
345 1525 489 1581 canibusque
500 1525 569 1571 malis
578 1525 671 1572 vallata
681 1528 788 1581 repente

125 1604 150 1642 co
162 1595 287 1642 horribiles
298 1595 388 1642 circum
399 1595 459 1641 vidit
470 1610 494 1641 sc
505 1595 588 1641 sistere
598 1594 699 1640 formas.

162 1662 209 1708 heu
219 1663 328 1717 quotiens
339 1663 426 1708 mirata
435 1678 509 1709 novos
519 1662 636 1718 expalluit
646 1664 726 1718 artus,

161 1730 214 1785 ipsa
224 1746 279 1777 suos
289 1731 397 1785 quotiens
408 1732 456 1777 heu
466 1731 591 1786 pertimuit
600 1730 707 1776 latratus
719 1734 725 1777 i

161 1812 221 1843 ausa
230 1798 292 1852 quod
302 1799 339 1843 est
349 1797 436 1843 mulier
445 1814 535 1844 numen
545 1797 660 1843 fraudare
671 1797 776 1844 deorum

160 1868 185 1912 et
195 1865 284 1912 dictam
295 1866 383 1912 Veneri
392 1867 449 1911 voto
459 1867 617 1913 intervertere
627 1880 732 1920 poenam
743 1886 750 1922 ;

160 1950 232 1989 qnam
240 1935 305 1980 mala
314 1934 443 1989 multiplici
452 1935 566 1981 iuvenum
573 1935 635 1989 quod
645 1935 733 1989 saepta
742 1938 845 1984 caterva

160 2004 254 2050 dixerat
264 2005 336 2059 atque
347 2004 427 2050 animo
437 2004 552 2050 meretrix
561 2004 653 2050 iactata
662 2003 784 2062 ferarum,

160 2073 274 2119 infamem
284 2074 328 2120 tali
339 2073 425 2120 merito
434 2088 531 2120 rumore
541 2073 615 2119 fuisso

160 2143 232 2190 docta
239 2143 397 2198 Palaephatia
407 2144 514 2189 testatur
523 2157 580 2188 voce
590 2157 697 2197 papyrus
707 2162 713 2188 z

160 2211 274 2267 quidquid
284 2214 308 2258 et
319 2213 346 2257 ut
357 2211 454 2266 quisquo
465 2213 501 2257 est
511 2211 594 2256 talida
605 2210 672 2255 clude
683 2210 793 2269 loeutus,

123 2301 147 2337 90
160 2280 253 2326 somnia
263 2282 319 2326 sunt
329 2301 334 2325 :
350 2280 430 2334 potius
440 2279 511 2325 liccat
521 2281 644 2324 notescere
655 2278 718 2324 cirin

159 2349 232 2402 atque
242 2364 315 2395 unam
326 2364 356 2395 ex
365 2348 448 2394 multis
460 2348 565 2403 Scyllam
576 2361 624 2392 non
634 2361 686 2392 esse
697 2349 797 2401 puellis.

159 2432 241 2472 quare,
252 2433 311 2472 quae
322 2419 408 2464 cantus
419 2416 545 2463 meditanti
554 2416 651 2462 mittere
662 2417 743 2462 certos

159 2500 248 2539 magna
257 2485 315 2531 mihi
326 2486 412 2540 cupido
421 2485 540 2531 tribuistis
550 2484 666 2539 praemia,
677 2484 750 2532 divae

206 2553 275 2601 (460)
