1972 3164
427 163 538 204 AENEIS.
562 164 583 202 X

170 258 277 315 Agmina
285 262 432 308 concurrunt
442 261 588 316 ducibusque
598 260 623 308 et
632 259 724 308 viribus
733 261 823 317 aequis.

171 326 281 374 Extremi
290 328 422 376 addensent
432 329 494 376 acies
504 345 549 377 nec
558 328 633 375 turba
642 329 732 376 moveri

169 396 220 443 tola
229 411 361 451 manusque
371 397 437 444 sinit.
467 397 532 444 Hinc
542 396 624 443 Pallas
634 396 711 443 instat
721 397 746 444 et
755 399 837 454 urget,

169 463 226 511 hino
236 466 322 511 contra
330 465 432 522 Lausus,
442 480 487 512 nec
495 465 601 511 multum
610 465 732 521 discrepat
742 466 809 512 uetus
818 485 824 512 ι

170 531 263 591 egregii
271 532 359 589 forma,
369 533 411 580 sed
420 533 486 589 queis
496 533 609 580 Fortuna
617 535 723 590 negarat

169 601 196 647 in
206 601 311 656 patriam
318 601 418 648 reditus.
448 602 517 657 Ipsos
527 617 670 650 concurrere
680 617 765 658 passus

169 669 236 716 haud
246 670 328 716 tamen
337 670 401 716 inter
410 685 435 717 se
445 670 528 726 magni
536 672 652 727 regnator
661 670 758 727 Olympi
767 691 772 718 :

170 752 225 783 mox
234 736 289 784 illos
299 752 345 784 sua
354 737 409 784 fata
418 740 517 785 manent
526 739 617 786 maiore
627 739 672 786 sub
681 739 759 786 hoste.

199 806 297 853 Interea
306 820 374 853 soror
383 805 447 853 alma
456 808 538 854 monet
547 806 674 855 succedere
684 808 765 854 Ianso

122 888 161 926 4⁴0
171 873 289 930 inmuni,
300 874 340 930 qui
350 874 441 921 volucri
451 891 526 922 curru
536 876 641 923 medium
651 878 718 924 secat
727 891 823 935 agmem

171 943 207 990 Ut
217 942 278 990 vidit
288 943 371 1000 socios,
383 943 389 964 ‘
399 943 504 999 Tempus
513 943 629 992 desistere
638 959 749 1000 pugnae;

170 1011 233 1057 solus
244 1026 288 1067 ego
297 1011 323 1057 iu
332 1010 447 1058 Pallanta
456 1010 529 1068 feror,
540 1012 585 1058 soli
593 1012 654 1058 mihi
662 1012 745 1058 Pallas

170 1079 271 1126 debetur
280 1099 286 1137 ;
302 1095 413 1136 cuperem
423 1079 473 1135 ipse
482 1095 569 1136 pareus
579 1082 701 1135 spectator
710 1079 806 1126 adesset
814 1079 835 1127 ι’

169 1147 229 1194 haec
238 1148 282 1204 uit,
292 1149 318 1194 ct
329 1148 386 1195 socii
396 1149 521 1195 cesserunt
530 1163 632 1204 aequore
641 1148 714 1194 iusso.

169 1216 205 1263 At
215 1215 335 1262 Rutulum
345 1215 457 1262 abscessu
465 1216 558 1262 iuvenis
567 1217 622 1262 tum
631 1215 698 1262 iussa
707 1215 812 1271 superba

169 1284 274 1330 miratus
283 1285 365 1338 stupet
374 1283 400 1330 in
409 1283 501 1340 Turno,
512 1299 644 1340 corpusque
653 1283 792 1341 peringens

169 1352 263 1398 lumina
271 1349 347 1397 volvit
356 1351 452 1407 obitque
461 1352 527 1398 truci
536 1351 619 1407 procul
629 1351 711 1399 omnia
719 1351 782 1407 visu,

169 1420 260 1466 talibus
269 1420 294 1465 ct
304 1419 375 1466 dictis
384 1419 404 1464 it
414 1420 499 1466 contra
508 1420 573 1466 dicta
581 1419 681 1475 tyranni
691 1439 696 1466 ι

170 1488 231 1535 ‘Aut
241 1487 322 1543 spoliis
331 1502 376 1543 ego
384 1487 432 1533 iam
442 1487 520 1542 raptis
529 1487 646 1534 laudabor
656 1487 741 1543 opimis

122 1578 159 1618 ⁴⁵0
170 1559 213 1603 aut
223 1557 272 1603 leto
281 1555 383 1611 insigni:
399 1555 459 1602 sorti
468 1557 538 1611 pater
548 1570 637 1612 aequus
647 1556 744 1611 utrique
753 1557 799 1603 est.

170 1625 238 1673 Tolle
248 1624 342 1671 minua’
373 1624 450 1671 Fatus
461 1624 565 1671 medium
575 1625 682 1680 procedit
691 1624 717 1670 in
727 1639 823 1680 aequor.

168 1693 284 1751 Frigidus
294 1693 430 1741 Arcadibus
440 1693 489 1740 coit
498 1693 524 1740 in
532 1693 671 1749 praecordia
681 1693 787 1750 sangnis.

168 1763 275 1810 Desiluit
286 1764 384 1809 Turnus
393 1762 491 1820 biiugis,
502 1763 574 1819 pedes
584 1761 733 1819 apparatius

168 1832 316 1888 comminus;
330 1833 405 1887 utone
415 1832 459 1888 leo,
470 1831 568 1887 specula
578 1846 633 1879 cum
643 1831 705 1877 vidit
715 1829 746 1877 ab
755 1829 808 1878 alta

167 1902 235 1950 stare
244 1900 327 1956 procul
337 1901 427 1957 campis
433 1901 590 1948 meditantem
600 1899 626 1946 in
635 1899 727 1955 proelia
732 1901 843 1954 taurum,

168 1969 267 2017 advolat
279 1989 285 2016 ι
299 1969 364 2016 haud
373 1970 422 2017 alia
431 1972 469 2018 est
479 1969 558 2016 Turni
566 1968 689 2016 uenientis
698 1967 788 2023 imago.

168 2039 244 2086 Hunc
253 2038 295 2085 ubi
304 2038 445 2096 contiguum
454 2038 541 2085 missac
550 2036 604 2084 fore
613 2035 717 2083 credidit
726 2035 821 2092 hastae,

167 2108 204 2155 ire
214 2107 279 2164 prior
289 2107 379 2163 Pallas,
390 2107 411 2153 si
420 2122 469 2162 qua
476 2105 528 2152 fors
538 2105 638 2152 adiuuet
647 2118 736 2149 ausum

167 2177 260 2225 uiribus
266 2172 614 2233 imparibus,maguumqueita
620 2171 651 2217 ad
658 2171 760 2218 aethera
764 2169 845 2218 fatur:

122 2247 233 2301 460‘Pe1·
252 2246 331 2302 patris
349 2243 481 2298 hospitium
501 2243 526 2288 et
545 2255 649 2295 mensas,
667 2254 727 2295 quas
752 2237 847 2285 advena

225 2314 306 2370 adisti,

168 2386 194 2431 to
204 2398 298 2440 precor,
305 2379 398 2435 Alcide,
409 2378 501 2434 coeptis
510 2375 649 2433 ingentibus
660 2375 731 2422 adsis.

169 2454 261 2501 Cernat
273 2448 386 2498 semineci
396 2447 488 2495 sibime
498 2461 583 2502 rapere
592 2461 662 2492 arma
671 2445 781 2499 cruenta,

218 2517 226 2565 i
236 2530 271 2566 359
280 2517 288 2563 )
