1972 3164
377 157 398 195 P.
412 156 531 197 VERGILI
544 156 672 199 MARONIS

186 253 376 310 Eumenidesque
386 253 469 311 satac;
484 255 537 301 tum
548 255 622 311 partu
635 255 712 304 Terra
719 254 825 304 nefando

186 322 321 379 Coeumque
330 322 489 378 Iapetumque
498 325 566 370 creat
579 338 723 380 saevumque
735 325 858 383 Typhoea,

137 400 173 438 280
184 393 209 438 et
219 391 356 438 coniuratos
366 391 458 439 caelum
468 392 602 440 rescindere
612 392 710 441 fratres.

186 461 234 507 Tor
243 461 301 506 sunt
311 460 391 507 conati
400 460 522 516 imponere
533 459 600 509 Pelio
610 461 695 508 Ossam

184 529 359 586 scilicet,atque
366 527 441 576 Quae
445 528 585 576 frondosum
590 529 710 577 involvere
716 530 858 588 Olympum
882 533 886 540 “

183 598 223 643 ter
232 599 302 653 pater
311 598 446 644 exstructos
456 597 549 645 disiecit
559 596 661 646 fulmine
671 599 774 647 montes.

184 665 292 722 Septima
301 667 357 721 post
367 665 483 713 decimam
493 665 552 713 felix
561 668 586 714 et
596 682 684 723 ponere
693 667 769 715 vitem

183 736 209 782 et
218 748 316 789 prensos
327 733 445 781 domitare
455 733 527 782 boves
536 736 562 782 et
571 734 628 782 licia
636 735 699 782 telas
860 733 861 736 ’

183 803 279 850 addere.
309 802 382 849 Noua
391 802 464 860 fugae
474 802 567 861 melior,
578 805 701 851 contrane
710 803 793 852 furtis.

211 871 293 918 Multa
302 871 361 918 adeo
371 870 450 927 gelida
459 871 545 919 melius
555 887 580 920 se
589 873 659 920 nocte
669 873 765 931 dedere,

183 941 227 986 aut
237 955 292 987 cum
303 939 351 986 sole
360 954 423 986 novo
432 941 511 987 terras
521 940 610 988 irrorat
620 940 693 990 Eous.

184 1009 262 1056 Nocte
271 1009 336 1055 leves
346 1008 430 1055 melius
440 1008 551 1065 stipulae,
562 1009 633 1057 nocte
643 1009 712 1057 arida
720 1011 793 1066 prata

134 1099 171 1136 αφ
183 1078 324 1134 tondentur,
335 1079 418 1124 noctes
427 1077 508 1124 lentus
517 1092 565 1124 non
575 1077 656 1126 delicit
664 1094 743 1128 umor.

183 1147 218 1193 Et
227 1145 325 1202 quidam
335 1160 399 1192 aeros
409 1145 504 1193 hiberni
513 1146 545 1193 ad
554 1145 651 1194 luminis
660 1147 729 1204 ignes

183 1213 319 1271 pervigilat,
330 1213 441 1270 ferroque
451 1214 517 1262 faces
526 1213 631 1270 inspicat
640 1217 726 1273 acut03

182 1284 276 1331 interea
284 1283 384 1340 longum
394 1285 468 1330 cantu
478 1283 556 1330 solata
565 1283 672 1332 laborem

182 1354 271 1410 argnto
280 1352 384 1400 coniunx
393 1351 514 1408 percurrit
524 1351 619 1407 pectine
628 1352 699 1411 telas,

182 1423 225 1469 aut
236 1421 312 1469 dulcis
321 1421 396 1467 musti
405 1420 515 1468 Vulcano
526 1421 637 1477 decoquit
646 1435 763 1478 umorem,

182 1492 206 1538 et
216 1491 280 1537 foliis
291 1490 381 1537 undam
390 1489 480 1545 trepidi
490 1489 617 1545 despumet
627 1488 707 1538 aheni.

182 1560 217 1605 At
230 1558 365 1606 rubicunda
375 1558 446 1605 Ceres
456 1557 534 1604 medio
543 1558 674 1606 succiditur
683 1559 761 1615 aestu,

182 1629 208 1675 et
217 1627 296 1674 medio
305 1627 382 1673 tostas
393 1627 463 1673 aestu
472 1626 532 1673 terit
542 1641 599 1673 area
608 1626 700 1683 fruges.

182 1695 269 1743 Nudus
279 1710 330 1752 ara,
342 1710 393 1742 sere
402 1695 482 1741 nudus
490 1714 497 1752 ;
511 1694 604 1750 hiemps
614 1695 703 1751 ignava
712 1693 804 1741 colono.

133 1783 170 1818 300
182 1763 322 1820 Frigoribus
332 1765 403 1819 parto
413 1762 531 1819 agricolae
541 1763 683 1819 plerumque
691 1762 818 1820 fruuntur,

182 1833 314 1888 mutuaque
323 1831 388 1878 inter
398 1846 422 1878 se
431 1831 491 1878 laeti
500 1830 609 1878 convivia
619 1831 715 1879 curant.

182 1901 274 1947 Invitat
284 1899 385 1958 genialis
395 1899 488 1954 hiemps
498 1913 615 1954 curasque
625 1898 731 1956 resolvit,

182 1975 330 2024 conpressae
341 1983 395 2015 cum
405 1967 453 2014 iam
463 1968 560 2023 portum
570 1967 674 2026 tetigere
683 1965 789 2022 carinae,

181 2036 301 2094 puppibus
311 2038 336 2084 et
346 2035 405 2082 laeti
413 2038 503 2082 nautae
512 2035 647 2091 imposuere
657 2050 765 2082 coronas.

182 2105 229 2152 Sed
234 2107 317 2151 tamen
323 2106 348 2151 et
354 2119 457 2159 quernas
464 2103 564 2159 glandes
570 2104 624 2149 tum
630 2103 749 2159 stringere
756 2103 855 2156 tempus

181 2174 206 2224 et
216 2173 279 2219 lauri
288 2173 361 2219 bacas
371 2172 495 2226 oleamque
506 2173 653 2226 cruentaque
663 2176 751 2227 myrta,

180 2243 234 2288 tum
244 2241 344 2298 gruibus
354 2239 449 2296 pedicas
460 2240 485 2286 et
493 2239 557 2286 retia
566 2254 655 2294 ponere
664 2238 741 2287 cervis

181 2310 319 2365 auritosque
329 2307 395 2364 sequi
404 2308 505 2364 lepores,
516 2308 570 2353 tum
580 2308 653 2363 figere
664 2308 772 2354 dammas

182 2377 284 2431 stuppea
292 2377 443 2433 torquentem
452 2375 562 2422 Balearis
572 2375 674 2422 verbera
682 2375 782 2432 fundae,

136 2455 169 2491 ³¹0
182 2441 289 2559 cumb&
298 2445 350 2492 alta
358 2445 430 2500 iacet,
440 2442 541 2499 glaciem
552 2458 607 2490 cum
617 2442 717 2490 flumina
726 2441 838 2489 trudunt.

248 2524 260 2560 4
