1972 3164
373 162 396 201 P.
409 160 529 200 VERGILI
542 159 671 200 MARONIS

186 257 280 315 pocula,
291 258 461 315 gramineoque
470 259 534 306 viros
544 259 608 306 locat
617 257 669 314 ipse
680 257 758 314 sedili,

189 326 393 383 praecipuumque
403 329 456 375 toro
466 328 491 374 et
500 327 579 374 villosi
588 326 650 383 polle
660 326 738 373 leonis

187 395 275 451 accipit
285 395 394 452 Aenean,
405 395 509 451 solioque
518 395 608 443 invitat
618 409 716 442 acerno,

188 465 252 511 Tum
261 464 319 511 lecti
327 465 426 511 iuvenes
436 464 549 511 certatim
558 478 661 519 araeque
672 464 786 512 sacerdos

141 537 178 576 180
187 532 280 580 viscera
285 533 351 579 tosta
357 532 441 579 terunt
447 535 582 589 taurorum,
590 533 741 588 onerantque
752 531 861 581 canutus

188 601 251 648 dona
260 601 384 649 laboratae
394 601 496 657 Cereris,
507 602 678 657 Bacchumque
689 601 839 650 ministrant.

187 670 303 719 Vescitur
311 670 406 718 Aeneas
416 670 488 717 simul
497 671 523 717 et
532 670 638 717 Troiana
645 669 763 718 iuventus

188 739 300 795 perpetui
309 740 379 795 tergo
387 738 455 786 bovis
465 739 491 786 et
500 739 643 786 lustralibus
652 739 725 786 extis.

216 809 348 864 Postquam
365 810 479 864 exempta
494 808 571 856 tames
585 810 610 855 et
625 796 695 855 amor
711 823 859 864 compressus

245 877 340 934 edendi,

187 961 231 993 rex
241 946 370 994 Evandrus
380 946 415 993 ait
426 967 431 993 :
447 946 453 967 ‘
462 946 519 994 Non
528 945 588 994 haec
598 945 724 993 sollemnia
733 946 812 1004 nobis,

188 1014 232 1061 has
242 1029 272 1061 ex
281 1030 348 1062 more
358 1016 440 1072 dapes,
450 1015 514 1062 hene
523 1015 588 1063 tanti
597 1015 704 1061 numinis
715 1029 785 1063 aram

188 1099 253 1130 vana
262 1084 402 1139 superstitio
412 1086 569 1140 veterumque
578 1083 666 1140 ignara
676 1082 780 1131 deorum

188 1152 317 1208 imposuit:
328 1152 414 1210 saevis,
424 1153 511 1209 hospes
521 1152 634 1210 Troiane,
644 1152 742 1209 periclis

189 1221 280 1268 servati
288 1220 391 1269 facimus
401 1221 544 1278 meritosque
553 1237 670 1269 novamus
680 1222 794 1270 honores.

142 1309 179 1345 190
189 1290 243 1336 Iam
252 1290 356 1346 primum
367 1291 430 1338 saxis
440 1306 580 1346 suspensam
589 1289 652 1338 hanc
661 1290 744 1347 aspice
753 1307 846 1348 rupem,

189 1358 302 1406 disiectae
312 1359 397 1415 procul
406 1361 435 1406 ut
445 1360 519 1407 moles
529 1359 671 1416 desertaque
681 1359 775 1407 montis

189 1430 239 1475 stat
249 1428 333 1475 domus
343 1430 368 1475 et
378 1427 469 1484 scopuli
478 1429 600 1486 ingentem
610 1431 709 1476 traxere
720 1428 827 1477 ruinam.

190 1496 238 1544 Hic
247 1497 362 1553 spelunea
371 1496 429 1555 fuit,
439 1501 510 1546 vasto
520 1499 641 1545 summota
649 1513 756 1555 recessu,

189 1566 351 1614 semihominis
361 1566 419 1614 Caci
428 1567 502 1614 facies
512 1583 584 1623 quam
594 1566 648 1613 dira
656 1567 769 1624 tenebat,

189 1634 245 1681 solis
255 1635 401 1682 inaccessam
410 1635 484 1683 radiis
492 1654 498 1692 ς
514 1650 653 1691 semperque
662 1635 758 1682 recenti

189 1703 261 1750 caede
270 1703 369 1758 tepebat
377 1705 474 1761 humus,
485 1704 623 1760 foribusque
633 1704 706 1751 affixa
715 1704 826 1760 superbis

189 1787 234 1818 ora
242 1771 321 1817 virum
331 1773 398 1819 tristi
407 1773 544 1829 pendebant
554 1773 644 1830 pallida
653 1773 720 1820 tabo.

189 1841 255 1888 Huic
264 1842 373 1888 monstro
382 1842 505 1890 Vulcanus
516 1845 569 1890 erat
579 1843 650 1899 pater
662 1862 667 1889 :
682 1843 749 1890 illius
759 1844 826 1890 atros

189 1925 230 1960 ore
240 1924 336 1956 vomens
345 1910 413 1967 ignes
423 1927 514 1971 magna
524 1927 549 1960 se
558 1911 620 1959 mole
630 1911 736 1960 ferebat.

141 2007 178 2033 200
188 1979 283 2030 Attulit
292 1981 317 2026 et
326 1979 394 2026 nobis
404 1980 531 2036 aliquando
541 1980 681 2037 optantibus
691 1982 760 2028 aetas

189 2049 305 2098 auxilium
315 2048 492 2105 adventumque
502 2049 548 2097 dei.
578 2050 643 2097 Nam
656 2049 779 2096 maximus
788 2049 860 2104 ultor,

188 2118 317 2176 tergemini
326 2133 383 2165 nece
394 2118 520 2174 Geryonae
530 2118 657 2174 spoliisque
668 2119 797 2176 superbus,

189 2189 284 2236 Alcides
294 2188 379 2234 aderat
388 2189 517 2243 taurosque
527 2187 574 2234 hac
583 2187 662 2234 victor
671 2187 762 2245 agebat

188 2257 306 2314 ingentes,
317 2255 450 2311 vallemque
460 2255 531 2303 boves
542 2270 683 2311 amnemque
693 2255 822 2303 tenebant.

189 2328 224 2374 At
233 2326 303 2373 furiis
313 2324 370 2372 Osci
380 2340 447 2371 mens
458 2325 540 2380 effere,
551 2340 581 2372 ne
592 2325 649 2380 quid
658 2324 773 2372 inausum

189 2397 233 2442 aut
242 2395 401 2442 intractatum
411 2393 536 2440 scelerisve
547 2392 625 2440 dolive
635 2392 732 2451 fuisset,

414 2478 449 2510 205.
471 2474 540 2510 ‘turis'
548 2474 629 2510 Servlus.

236 2528 244 2572 (
253 2526 305 2576 300)
