1972 3164
258 189 450 231 OA'I'ALEP‘I'ON.
475 189 576 228 x-xm

193 351 302 408 Superbe
311 351 440 407 Noctuine,
451 350 564 406 putidum
574 352 656 406 ceput,

166 421 240 467 datur
249 419 294 467 tibi
304 419 392 476 puello,
402 433 474 474 quam
484 417 556 474 petis,
567 418 641 464 dutur
649 435 656 472 ;

165 489 247 544 datur,
258 486 360 542 superbe
370 485 500 542 Noctuine,
511 500 583 541 quum
593 484 664 539 petis.

167 556 217 611 sed,
227 571 243 602 c
252 554 353 610 superbe
362 553 492 610 Noctuine,
502 568 552 599 non
559 552 625 599 vides

167 624 228 670 duas
237 623 325 670 hebere
335 622 396 668 filius
405 621 516 679 Atilium,

167 692 236 748 duos,
247 693 272 738 et
282 690 345 737 hunc
354 691 379 737 et
389 689 500 746 alteram,
510 689 555 736 tibi
564 689 625 736 duri.

168 760 251 807 adeste
261 774 334 815 nunc,
345 759 427 806 adeste
437 778 443 805 z
458 758 533 815 ducit,
543 759 572 804 ut
581 757 658 813 decet,

166 827 284 884 superbus
293 841 347 874 ecce
356 827 492 874 Noctuinus
501 826 619 873 hirneam.

168 896 272 952 Talusio,
283 895 387 952 Musio,
398 894 494 942 Telusio
505 897 510 941 !

355 973 420 1020 XIII
437 973 486 1030 (V).

168 1040 251 1087 Iuocre
261 1054 308 1095 me,
320 1039 383 1095 quod
393 1037 445 1085 ulto
454 1053 503 1084 non
513 1036 612 1092 possim,
622 1037 704 1090 putus,

193 1110 222 1155 ut
232 1111 298 1164 ante,
309 1106 402 1154 vectori
413 1106 488 1162 fretu,

166 1191 212 1224 nec
220 1177 286 1222 ferre
296 1176 384 1221 durum
394 1173 473 1228 frigus
483 1174 527 1219 aut
536 1173 631 1218 aestum
641 1170 693 1225 pati

196 1257 272 1298 neque
279 1257 349 1288 erma
358 1240 455 1287 victoris
467 1239 551 1294 sequi?

169 1309 261 1366 valent,
271 1309 354 1355 velent
364 1307 424 1353 mihi
431 1307 469 1353 ira
477 1309 502 1354 et
512 1307 626 1363 antiquus
635 1309 705 1355 furor

197 1379 222 1423 et
231 1377 323 1432 Ungue,
334 1374 400 1430 queis
410 1375 483 1421 assim
494 1375 547 1432 tibi,

169 1447 195 1492 ct
205 1444 351 1500 prostitutae
360 1444 433 1497 turpe
443 1441 627 1489 contubernium

199 1512 295 1559 sororis.
325 1510 404 1566 equid
415 1524 453 1557 me
462 1509 567 1558 incitus?

171 1581 236 1638 quid,
247 1579 358 1635 inpudice
367 1580 392 1626 et
401 1578 549 1634 inprobende
559 1579 665 1636 Caesari,

199 1649 234 1697 sei
242 1649 312 1696 furtu
320 1648 433 1695 dicuntur
442 1649 494 1704 tue,

169 1719 194 1766 et
204 1717 312 1765 helluuto
322 1732 376 1765 seru
384 1715 530 1772 patrimonio

197 1787 224 1834 iu
233 1787 311 1835 fratre
320 1786 473 1843 parsimonie,

169 1855 207 1904 vel
217 1857 273 1904 ectu
283 1870 358 1912 puero
367 1871 422 1902 cum
431 1855 489 1902 viris
499 1856 616 1913 convivio,

195 1924 303 1981 udaeque
313 1940 357 1981 per
366 1939 476 1971 somnum
487 1927 565 1980 nates,

168 1997 194 2041 et
203 1993 278 2041 inscio
287 1994 387 2048 repente
396 1992 528 2038 clamatum
537 1993 637 2044 insuper

198 2060 304 2114 Tuledo,
314 2058 427 2104 Telosio?

171 2125 228 2179 quid
237 2123 355 2178 polluisti,
364 2121 471 2168 femine?
484 2135 516 2166 en
524 2120 571 2166 loci
580 2119 680 2165 dolent?

200 2205 233 2235 un
241 2189 310 2235 fasse
318 2186 440 2241 cognoscis
448 2187 509 2231 tue?

173 2271 221 2303 non
230 2270 270 2302 me
279 2252 375 2300 vocabis
384 2251 486 2306 pulchre
494 2267 538 2307 per
547 2252 657 2306 Cotyttiu

200 2324 232 2370 ud
241 2321 342 2369 feriatos
352 2318 463 2374 fascinos,

174 2407 218 2439 nec
227 2390 283 2438 dein
293 2400 387 2434 movere
396 2384 517 2432 lumbulos
526 2386 553 2431 in
563 2384 654 2432 cultulu

203 2458 295 2516 prensis
305 2455 390 2503 videbo
399 2454 524 2510 altaribus,

138 2530 208 2581 (443)
