1972 3164
419 262 579 339 OIRIS

464 429 539 455 -u-

210 538 264 586 TSI
274 553 320 594 me,
329 537 397 584 vario
402 536 524 583 iactatum
533 534 611 582 laudis
622 549 706 582 amore

223 607 340 662 irritaque
349 608 477 661 expertum
486 604 580 650 fallacis
590 604 701 659 praemia
710 603 790 660 vulgi,

163 675 292 730 cecropius
302 688 388 720 suaves
398 672 510 728 expirans
520 671 632 719 hortulus
642 687 717 719 auras

162 743 271 790 florentie
279 741 352 787 viridi
361 740 459 795 sophiae
469 740 638 796 complectitur
647 739 744 796 umbre,

163 811 221 857 dum
236 824 291 856 mea
303 823 377 856 avens
391 806 455 854 ratio
474 808 574 864 dignum
593 807 639 854 sibi
657 822 778 862 quaerere
796 824 849 856 car-

219 892 274 924 men

163 947 234 1004 lenge
244 946 309 993 aliud
318 944 426 992 studium
436 947 509 1001 atque
519 945 577 992 ulios
587 944 699 992 accincta
706 945 808 993 labores

163 1016 238 1064 altius
247 1014 279 1061 ad
288 1014 370 1071 magni
380 1015 488 1070 suspexit
498 1014 577 1061 sidere
585 1012 670 1059 mundi

164 1086 190 1132 et
200 1083 317 1140 placitum
326 1082 410 1138 paucis
420 1098 480 1129 ausa
489 1084 526 1129 est
536 1082 664 1129 ascendere
674 1082 764 1130 collem
774 1105 780 1131 ι

164 1167 215 1200 nen
223 1153 307 1199 tamen
316 1151 431 1198 absistam
442 1151 553 1206 coeptum
566 1150 678 1197 detexere
688 1165 791 1210 munus,

130 1239 155 1264 ιο
164 1219 191 1266 in
200 1234 247 1276 quc
256 1219 309 1266 inre
317 1233 383 1265 meas
393 1218 487 1265 utinam
497 1218 645 1274 requiescere
653 1233 737 1265 musas

164 1289 190 1335 et
199 1287 286 1336 leviter
293 1287 409 1334 blandum
419 1287 490 1334 liceat
500 1288 619 1342 deponere
628 1301 744 1334 amorem.

164 1354 242 1413 iquod
251 1355 273 1402 si
281 1354 409 1402 mirificum
418 1360 507 1410 sophica
517 1368 592 1411 penus
602 1369 672 1402 omne
681 1366 789 1405 secatum

165 1424 302 1483 (mirificum
312 1423 353 1470 sed
363 1422 435 1480 enim,
446 1423 516 1471 medo
526 1423 558 1471 eit
567 1423 613 1470 tibi
622 1422 683 1470 velle
693 1423 781 1482 libido)

165 1493 186 1541 si
195 1507 234 1540 me
243 1492 292 1539 iam
302 1507 397 1538 summa
406 1491 525 1547 sapientia
534 1492 652 1549 pangeret
661 1506 727 1549 arce,

164 1562 281 1618 quattuor
290 1559 395 1615 antiquie
405 1559 532 1607 heredibus
542 1560 608 1607 edita
618 1575 724 1617 consors,

165 1629 229 1676 unde
238 1628 362 1675 hominum
371 1643 464 1675 errores
474 1628 544 1685 longe
554 1629 649 1684 lateque
658 1643 703 1684 per
712 1629 800 1678 orbem

165 1697 285 1752 despicere
295 1698 367 1751 atque
377 1696 480 1743 humiles
490 1712 583 1752 possem
593 1698 749 1745 contemnere
759 1716 849 1757 curas;

166 1779 214 1811 non
223 1778 268 1821 ego
277 1764 303 1811 te
312 1764 386 1809 talem
396 1779 526 1811 venerarer
535 1781 634 1813 munere
643 1766 697 1823 tali,

166 1846 215 1879 non
224 1831 341 1887 equidem,
352 1832 461 1885 quamvis
471 1833 593 1880 interdum
603 1833 685 1882 ludere
695 1837 767 1883 nobis

130 1916 156 1941 πο
166 1902 191 1948 et
201 1899 315 1957 gracilem
324 1899 391 1946 melli
400 1900 475 1948 libeat
485 1902 544 1957 pede
554 1902 665 1949 claudere
675 1919 777 1952 versum
786 1925 792 1962 ;

166 1970 208 2017 sed
220 1984 309 2025 magne
317 1968 436 2026 intexens,
448 1969 468 2016 ei
477 1970 515 2016 fas
525 1973 562 2017 eet
572 1971 658 2027 dicere,
669 1972 750 2030 peplo,

165 2038 270 2094 qualiter
279 2037 377 2085 Actaeis
386 2037 443 2084 olim
456 2040 570 2094 portatur
580 2039 692 2095 Athenis,

166 2106 248 2154 debita
256 2121 310 2153 cum
321 2107 401 2153 castae
412 2106 540 2153 solvuntur
550 2109 607 2154 vota
617 2108 745 2156 Minervae

165 2175 284 2231 tardeque
293 2174 403 2222 confecto
413 2173 515 2220 redeunt
527 2175 688 2230 quinquennia
698 2176 789 2234 lustro,

164 2256 220 2288 cum
230 2241 288 2289 levis
298 2242 393 2288 alterne
402 2242 519 2297 zephyrus
530 2243 680 2290 ecncrebruit
690 2260 760 2303 euro,

166 2310 191 2355 et
201 2325 276 2364 prono
284 2310 411 2366 gravidum
422 2311 532 2364 provexit
542 2311 646 2367 pondere
656 2327 767 2362 currum.

166 2375 225 2423 felix
234 2377 277 2424 ille
285 2378 343 2434 dies,
354 2377 413 2424 felix
423 2379 447 2424 et
458 2379 547 2425 dicitur
557 2395 643 2435 annus,

165 2443 307 2561 fefiies'sstlffl
316 2445 390 2493 telem
398 2461 489 2492 annum
499 2447 580 2494 videre
590 2447 708 2503 diemque.

231 2523 255 2560 45
