1972 3164
411 199 560 239 BUCOLICA.
586 201 620 238 111

177 293 220 342 ille
228 293 287 342 colit
296 295 375 341 terras
383 313 389 350 ;
405 294 440 341 illi
449 310 503 342 mea
512 295 620 343 earmina
629 311 708 343 curae.

206 364 242 411 M.
271 364 305 411 Et
315 379 352 410 me
367 363 478 411 Phoebus
491 366 573 420 amat;
594 364 689 411 Phoebo
699 380 742 412 sua
754 381 848 421 semper

234 432 347 488 apndme

176 516 279 548 munera
288 503 354 559 sunt,
364 502 428 549 lauri
437 503 462 548 et
472 517 544 549 suave
554 501 643 548 rubens
653 501 807 558 hyacinthus.

205 569 238 618 D.
267 569 335 617 Malo
345 586 383 618 me
390 570 493 617 Galatea
503 570 573 627 petit,
584 570 675 618 lasciva
684 570 772 627 puella,

178 639 205 685 et
214 636 280 694 fugit
290 638 322 684 od
332 638 423 695 salices,
434 639 459 685 et
469 653 494 685 se
504 639 571 694 eupit
581 640 639 686 ante
649 639 733 686 videri.

204 707 241 754 M.
271 706 847 765 Atmihiseseoffertultromeusignishmyntas‚

176 776 257 822 notior
266 776 295 820 nt
304 775 352 821 iam
363 775 395 822 sit
404 775 503 821 canibus
513 789 561 821 non
571 775 642 822 Delia
651 776 748 823 nostris.

205 843 238 890 D.
271 843 347 890 Parta
361 858 428 890 meae
441 842 532 890 Veneri
545 845 603 890 sunt
615 858 730 890 munera:
745 859 848 900 namque

233 911 317 959 notavi

176 981 228 1037 ipse
238 979 325 1037 looum,
336 980 414 1028 aeriae
424 996 470 1036 quo
480 996 618 1038 congessere
628 983 760 1038 palumbes.

141 1072 166 1108 70
204 1049 241 1096 M.
271 1048 339 1105 Quod
349 1049 426 1106 potui,
438 1065 512 1105 puero
522 1050 627 1097 silvestri
636 1066 665 1097 ex
675 1051 760 1098 arbore
773 1050 836 1097 loeta

176 1133 252 1165 aurea
261 1117 325 1165 mala
335 1119 416 1166 decem
425 1118 480 1165 misi
490 1138 496 1175 ;
511 1134 564 1166 oras
573 1118 652 1166 altera
659 1120 765 1165 mittam.

205 1186 238 1234 D.
269 1185 289 1233 0
298 1187 409 1242 quotiens
415 1189 440 1234 et
447 1203 508 1243 quae
514 1187 583 1234 nobis
592 1187 694 1234 Galatea
701 1187 784 1233 loeuta
794 1188 844 1233 est!

177 1256 273 1312 partem
283 1255 396 1312 aliquam,
407 1256 483 1312 venti,
494 1256 577 1303 dirum
587 1255 701 1301 referatis
711 1255 743 1301 ad
753 1268 831 1301 sures.

204 1321 241 1370 M.
269 1321 848 1378 Quidprodestquodmeipseanimononspernis,

177 1460 206 1516 si,
218 1460 274 1506 dnm
284 1461 313 1506 tu
322 1460 422 1506 sectaris
432 1475 512 1516 apros,
524 1475 568 1515 ego
577 1459 640 1506 retia
650 1461 737 1505 servo?

205 1527 237 1575 D.
266 1527 379 1584 Phyllida
385 1528 456 1575 mitte
462 1528 535 1574 mihi:
546 1543 613 1574 meus
619 1528 657 1574 est
667 1525 764 1582 natalis,
771 1526 832 1573 Iolla
842 1547 848 1583 ;

177 1611 233 1642 enm
242 1597 330 1644 faciam
340 1598 419 1645 vitula
428 1611 472 1652 pro
481 1596 602 1653 frugibus,
613 1595 664 1651 ipse
674 1595 763 1642 venito.

204 1664 241 1711 M.
269 1665 383 1721 Phyllida
393 1679 447 1711 amo
457 1666 514 1711 ante
524 1664 599 1711 alias:
614 1679 671 1710 nam
679 1679 716 1710 me
729 1663 849 1710 discedere

233 1732 308 1790 flevit,

177 1802 202 1848 et
212 1800 312 1856 longum
323 1800 328 1821 ‘
338 1800 461 1856 Formosa,
471 1799 525 1847 vale
534 1801 605 1856 vale,'
616 1800 702 1855 inquit,
716 1799 807 1846 ‘Iolla’

139 1874 167 1912 80
205 1869 238 1916 D.
268 1867 349 1915 Triste
373 1868 447 1924 lupus
475 1867 585 1925 stabulis,
611 1868 712 1913 maturis
737 1867 849 1923 frugibus

234 1936 331 1994 imbres,

178 2004 303 2052 arboribus
313 2004 388 2062 venti,
398 2004 467 2051 nobis
476 2003 633 2060 Amaryllidis
642 2004 701 2051 irae.

205 2074 242 2121 M.
272 2074 350 2121 Duloe
360 2073 420 2121 satis
429 2088 507 2128 umor,
516 2072 621 2128 depulsis
632 2072 733 2118 arbutus
743 2071 834 2127 haedis,

177 2142 245 2189 lenta
255 2141 316 2188 salix
322 2140 373 2187 teto
383 2141 471 2196 pecori,
481 2140 540 2186 mihi
550 2140 614 2186 solus
624 2140 751 2195 Amyntas.

207 2213 239 2261 Ι),
269 2213 346 2260 Pollio
361 2215 428 2259 amat
442 2215 560 2269 nostram,
575 2213 684 2268 quamvis
699 2219 735 2258 est
749 2212 849 2268 rustica,

137 2300 140 2305 ·
234 2283 347 2329 Musam:

178 2350 293 2406 Pierides,
303 2350 406 2396 vitulam
415 2349 500 2398 lectori
509 2349 601 2406 pascite
610 2348 699 2394 vestro.

205 2418 242 2465 M.
271 2418 349 2464 Pollio
364 2418 389 2464 et
402 2418 453 2474 ipse
466 2418 527 2466 facit
542 2431 605 2464 nova
621 2414 743 2463 carmina:
760 2416 850 2471 pascite

233 2488 342 2542 taurum,

226 2554 283 2604 (17)
