1972 3164
315 181 425 222 AENEIS.
450 183 482 222 IX

60 280 205 339 Agnoscunt
214 279 291 337 spolia
299 280 365 328 inter
375 295 400 328 se
410 280 551 338 galeamque
561 280 679 329 nitentem

61 349 168 405 Messapi
177 351 202 396 et
212 349 290 396 multo
300 349 412 405 phaleras
422 350 508 396 sudore
518 351 636 406 receptas.

90 418 125 464 Et
134 417 182 464 iam
193 419 272 474 prima
282 433 344 465 nevo
354 418 485 477 spargebat
495 418 587 465 lumine
596 420 676 466 terras

12 487 50 534 4⁶0
61 486 162 533 Tithoni
172 502 283 534 croceum
293 486 404 542 linquens
414 488 511 534 Aurora
521 487 598 535 cubile
608 508 614 534 z

60 555 109 601 iem
120 556 170 602 sole
179 555 270 613 infuso,
281 556 329 603 iam
339 557 410 604 rebus
420 556 473 604 luce
483 556 582 604 retectis

60 624 159 672 Turnus
169 626 195 672 in
205 640 275 671 arma
284 625 357 682 viros,
368 625 442 673 armis
453 625 617 672 circumdatus
627 625 688 681 ipse,

60 694 171 750 suscitat,
183 694 326 749 aeratasque
337 694 399 742 acies
409 695 434 740 in
445 694 536 750 proelia
546 694 610 750 cogit

60 763 160 819 quisque
170 778 235 820 suas,
246 763 366 819 variisque
377 763 469 810 acuunt
479 762 615 810 rumoribus
624 763 683 810 iras.
775 804 780 813 .

60 832 125 889 Quin
135 832 189 888 ipsa
198 832 309 890 arrectis,
320 833 375 880 visu
384 832 529 888 miserabile,
540 831 565 878 in
574 831 652 878 hastis

60 901 199 959 praefigunt
210 902 291 957 capita
300 903 325 949 et
335 902 414 949 multo
423 901 527 948 clamore
537 903 673 957 sequuntur

60 970 163 1026 Euryali
173 972 198 1017 et
207 970 271 1017 Nisi.

60 1038 187 1086 Aeneadae
197 1038 253 1085 duri
262 1055 387 1087 murorum
395 1040 421 1087 in
431 1040 501 1097 parte
512 1039 611 1086 sinistra

60 1122 191 1163 opposuere
201 1108 286 1164 aciem,
295 1124 352 1155 nam
362 1110 463 1156 dextera
472 1108 579 1164 cingitur
588 1107 663 1166 amni,

10 1189 49 1226 47ο
59 1176 217 1234 ingentesque
227 1178 313 1224 11111111
323 1177 400 1224 fossas
410 1179 435 1224 et
445 1176 555 1224 turribus
566 1175 623 1223 altis

60 1245 130 1291 111111
139 1245 238 1300 maesti3
254 1245 326 1292 simul
336 1260 379 1292 cra
389 1245 468 1292 virum
478 1244 587 1300 praefixa
596 1244 735 1301 movebant,

60 1315 120 1361 nota
130 1313 201 1360 nimis
211 1314 305 1361 miseris
315 1316 416 1370 atroque
426 1313 527 1361 fluentia
536 1313 602 1360 tabo.

88 1382 189 1430 Interea
198 1383 310 1438 pavidam
320 1383 426 1429 volitans
436 1385 544 1438 pennata
553 1397 596 1437 per
606 1381 691 1428 urbem

58 1452 147 1498 nuntia
157 1451 235 1498 Fama
243 1452 295 1498 ruit
304 1451 438 1507 matrisque
448 1450 564 1497 allabitur
573 1465 644 1497 aures

59 1520 169 1576 Euryali.
199 1521 234 1567 At
244 1521 339 1568 subitus
349 1520 451 1567 miserae
461 1520 527 1567 calor
536 1535 590 1566 ossa
599 1519 706 1575 reliquit,

57 1590 152 1636 excussi
162 1589 272 1636 manibus
282 1589 345 1636 radii
354 1588 512 1645 revolutaque
522 1604 604 1644 pensa.

58 1658 149 1705 Evolat
159 1658 243 1705 infelix
252 1659 277 1706 et
287 1658 391 1705 femineo
400 1657 506 1715 ululatu,

58 1726 134 1774 scissa
144 1742 245 1784 comam,
256 1742 338 1774 muros
348 1741 431 1774 amens
441 1729 514 1783 atque
524 1727 623 1784 agmina
633 1741 707 1774 cursu

59 1796 139 1853 prima
148 1795 219 1853 petit,
230 1811 278 1842 nen
287 1795 330 1843 illa
339 1796 419 1842 virum
428 1811 478 1843 nen
487 1795 530 1843 illa
539 1796 623 1852 pericli

10 1872 49 1921 480
58 1865 211 1920 telorumque
224 1879 330 1921 mem0r;
347 1864 441 1912 caelum
454 1864 540 1914 dehinc
553 1864 678 1921 questibus
691 1863 735 1910 im-

116 1933 167 1989 plet
177 1953 183 1980 ε

59 2001 66 2024 ‘
76 2002 151 2049 Hunc
161 2016 204 2058 ego
211 2004 245 2059 11,
255 2002 368 2059 Euryale,
380 2001 483 2057 aspicio?
495 2005 555 2050 tune
564 2001 605 2049 ille
615 2002 726 2049 senectae

58 2086 114 2118 sera
124 2085 192 2118 meae
202 2070 305 2127 requies,
316 2070 418 2125 potuisti
426 2069 535 2125 linquere
545 2069 629 2124 solam,

57 2139 181 2188 crudelis?
195 2153 239 2187 nec
249 2140 283 2195 te,
294 2138 339 2186 snb
349 2140 421 2185 tanta
430 2138 538 2194 pericula
546 2138 656 2192 missum,
664 2178 681 2196 κ

57 2208 132 2256 affari
141 2209 279 2256 extremum
288 2208 391 2255 miserae
401 2208 460 2254 data
469 2208 538 2263 copia
547 2205 638 2253 matri?

57 2278 124 2336 Heu,
132 2281 200 2326 11111
210 2279 295 2336 ignota
304 2277 404 2325 canibus
414 2277 473 2323 data
482 2275 574 2332 praeda
583 2272 679 2320 Latinis

55 2347 204 2405 alitibusque
213 2349 285 2404 iaces,
295 2362 341 2394 nec
350 2349 376 2393 te
385 2347 430 2392 tua
439 2345 527 2391 funera
537 2345 616 2389 mater

57 2417 170 2474 produxi,
181 2416 288 2473 pressive
298 2415 387 2472 oculos,
398 2417 442 2461 aut
452 2414 555 2462 vulnera
563 2412 621 2469 lari,

57 2488 126 2532 veste
136 2487 230 2542 tegens,
241 2484 287 2531 tibi
297 2498 370 2540 quam
380 2484 463 2531 nectes
472 2481 564 2530 festina
572 2480 669 2535 diesque

106 2553 177 2604 (333)
