1972 3164
318 173 428 215 AENEIS.
454 175 474 214 X

58 287 147 328 anceps
157 273 297 320 sustentata
306 272 356 330 diu,
367 272 502 329 fluctusque
511 273 610 332 fatigat,

58 340 161 387 solvitur
171 342 243 396 atque
253 341 316 386 viros
326 342 410 388 mediis
420 342 518 397 exponit
528 342 554 389 in
564 343 652 397 nndis;

58 409 182 465 fragmina
191 424 313 456 remorum
323 425 381 465 quos
391 412 417 457 et
426 410 550 458 fluitantia
558 412 670 457 transtra

58 477 203 533 impediunt,
211 476 362 533 retrahitque
366 478 452 534 pedem
463 478 535 525 simul
540 480 607 526 unda
614 479 732 526 relabens.

87 546 140 592 Nec
151 545 262 591 Turnum
272 546 352 601 segnis
361 546 451 593 retinet
461 561 537 603 mora,
548 547 590 594 sed
599 547 666 602 rapit
678 562 735 594 aoer

58 615 138 661 totam
148 613 223 660 aciem
232 614 258 660 in
269 614 374 660 Teucros
384 615 409 661 et
419 616 505 662 contra
513 615 538 661 in
547 615 618 663 litore
628 615 702 663 sistit.

10 703 49 742 310
60 683 136 738 signa
146 684 245 730 canunt.
275 683 372 730 Primus
381 684 476 729 turmas
485 683 574 730 invasit
584 685 693 742 agrestes

59 752 165 807 Aeneas,
176 766 246 798 omen
256 766 360 808 pugnae,
370 751 505 807 stravitque
514 753 615 800 Latinos

59 819 138 866 occiso
148 819 267 876 Therone,
277 820 357 866 virum
367 820 408 875 qni
417 820 535 866 maximus
545 821 612 867 ultro

59 888 160 935 Aenean
170 888 232 944 petit
242 909 247 935 ε
262 888 318 936 hnic
328 888 408 946 gladio
417 903 506 944 perque
516 903 586 936 aerea
595 891 660 946 suta,

59 971 104 1012 per
113 956 220 1003 tunicam
229 955 377 1012 squalentem
384 971 444 1003 auro
451 956 516 1003 latus
522 957 604 1005 haurit
611 959 733 1013 apertum.

60 1024 121 1071 Inde
131 1024 223 1071 Lichan
233 1024 300 1081 ferit,
311 1026 433 1072 exsectum
442 1025 491 1071 iam
501 1028 580 1073 matre
590 1028 716 1081 perempta

59 1094 85 1139 et
95 1092 149 1148 tibi,
159 1092 264 1149 Phoebe,
274 1107 379 1149 ssorum,
390 1107 459 1140 casus
469 1093 570 1140 evadere
579 1093 639 1140 ferri

60 1161 124 1216 quod
134 1159 203 1207 licuit
212 1175 296 1216 parvo.
325 1160 377 1208 Nec
386 1161 457 1218 longe
466 1161 548 1208 Cissea
557 1162 645 1207 durum

59 1228 237 1284 immanemque
247 1229 326 1284 Gyan,
336 1230 471 1275 sternentes
480 1229 579 1286 agmina
588 1229 665 1286 clava,

61 1297 149 1345 deiecit
158 1297 208 1343 leto
220 1317 226 1342 ε
240 1295 301 1342 nihil
309 1295 364 1343 illos
374 1296 488 1344 Herculis
498 1311 567 1343 arma

11 1380 53 1422 320
61 1380 107 1412 nec
116 1364 211 1411 validae
220 1364 301 1410 iuvere
311 1378 397 1410 manus
406 1364 546 1420 genitorque
556 1364 703 1421 Melampus,

61 1433 163 1481 Alcidae
173 1446 251 1480 comes
261 1445 335 1488 usqne
345 1446 432 1489 graves
441 1432 499 1478 dum
508 1433 576 1479 terra
585 1432 679 1479 labores

61 1501 184 1559 praebuit.
214 1501 278 1548 Ecce
288 1500 378 1558 Pharo,
388 1515 456 1548 voces
467 1500 525 1547 dum
534 1501 611 1548 iactat
620 1501 719 1558 inertes,

61 1571 205 1626 intorquens
214 1569 321 1617 iaculum
329 1569 444 1617 clamanti
453 1569 518 1615 sistit
527 1569 553 1615 in
562 1584 612 1616 ore.

62 1639 103 1686 'I'u
113 1653 214 1695 quoque,
224 1638 353 1685 flaventem
362 1637 440 1693 prima
449 1637 564 1694 lanugine
574 1637 651 1685 malas

62 1708 121 1755 dum
131 1707 236 1763 sequeris
247 1705 354 1762 Clytium
362 1705 454 1761 infelix,
462 1720 525 1752 nova
534 1706 631 1762 gandia,
642 1706 734 1762 Cydon,

62 1776 189 1824 Dardania
197 1777 290 1822 stratus
300 1775 394 1829 dextra,
405 1788 503 1821 securus
512 1789 630 1832 amorum,

62 1845 104 1901 qni
114 1845 228 1890 iuvenum
237 1843 283 1890 tibi
292 1857 385 1897 semper
393 1842 473 1899 erant,
482 1843 617 1891 miserande
626 1842 726 1898 iaceres,

62 1913 90 1961 ni
99 1913 205 1959 fratrum
216 1912 307 1968 stipata
316 1911 400 1958 cohors
409 1910 473 1958 foret
483 1910 561 1968 obvia,
571 1910 660 1957 Phorci

63 1981 310 2038 progenies-septem
319 1993 428 2034 numero,
438 1980 585 2035 septenaque
594 1978 646 2025 tela

16 2069 55 2108 330
65 2048 196 2098 coniicinnt
204 2068 210 2105 3
225 2048 316 2105 partim
325 2047 396 2104 galea
404 2046 526 2102 clipeoque
535 2045 657 2093 resultant

64 2118 144 2174 irrita,
155 2111 256 2163 deflexit
261 2115 352 2172 partim
361 2114 507 2169 stringentia
516 2127 603 2168 corpus

64 2186 130 2233 ulma
139 2186 230 2233 Venus.
260 2184 349 2230 Fidum
358 2181 453 2228 Aeneas
462 2181 554 2226 affatur
562 2179 674 2226 Achaten
687 2199 692 2224 :

65 2255 72 2276 ‘
82 2254 190 2310 suggere
200 2253 250 2299 tels
259 2251 319 2297 mihi
331 2270 336 2296 ι
352 2264 400 2295 non
409 2248 487 2294 ullum
497 2248 597 2294 dextera
602 2246 697 2292 frustra

64 2322 165 2371 torserit
182 2322 208 2368 in
227 2319 342 2374 Rutulos,
362 2317 484 2364 steterunt
507 2330 567 2372 quae
590 2315 616 2361 in
639 2329 737 2370 corpore

123 2389 224 2437 Graium

66 2457 147 2506 Iliacis
157 2457 265 2513 campis)
296 2455 360 2501 Tum
369 2467 483 2510 magnam
492 2450 591 2506 corripit
601 2449 696 2498 hastam

115 2526 186 2574 (355)
385 2531 420 2560 m
