1972 3164
362 341 384 379 P.
397 339 518 380 VERGILI
530 338 660 378 MARONIS

175 435 298 483 interdum
307 450 386 492 genua
394 435 530 491 impediunt
540 449 683 490 cursumque
693 435 818 493 recusant,

176 505 311 560 insequitur
321 505 454 560 trepidique
464 503 548 560 pedem
559 503 618 560 pede
628 503 738 550 fervidus
748 505 822 560 urget
832 523 838 550 ι

176 572 296 620 inclusum
306 572 382 620 veluti
392 573 516 628 siquando
529 572 627 620 flumine
637 576 725 619 nactus

129 656 166 694 750
178 657 275 690 cervum
286 643 330 687 aut
339 641 453 696 puniceae
464 643 575 696 saeptum
585 640 714 687 formidine
725 656 820 696 pennae

177 711 279 757 venator
288 724 361 755 cursu
370 709 436 756 canis
447 711 472 756 et
481 709 612 755 latratibus
622 709 699 755 instat
709 728 714 763 ;

177 778 217 825 illc
227 779 316 833 autem,
327 777 418 823 insidiis
428 778 453 824 et
463 777 517 832 ripa
526 777 626 823 territus
637 776 697 831 alta,

177 846 243 893 mille
252 845 317 902 fugit
327 845 464 901 refugitque
473 844 539 900 vias3
554 846 580 891 at
590 845 684 890 vividus
696 844 791 891 Umber

178 915 262 962 haeret
271 914 349 969 hians,
359 913 408 959 iam
417 913 512 968 iamque
521 914 598 969 tenet,
609 912 741 968 similisque
752 910 847 959 tenenti

178 982 298 1037 increpuit
308 982 385 1038 malis,
396 996 524 1036 morsuque
534 981 615 1028 elusus
625 981 692 1026 inani
703 983 749 1028 est.

179 1051 242 1097 'Pum
252 1065 310 1096 vero
320 1049 427 1097 exoritur
438 1049 535 1106 clamor,
546 1049 659 1104 ripaeque
669 1048 786 1104 lacusque

178 1120 322 1174 responsant
332 1118 396 1165 circa
406 1119 430 1164 et
441 1117 534 1164 caelum
544 1119 614 1164 tonat
625 1132 696 1163 omne
706 1117 826 1164 tumultu.

178 1187 224 1234 Ille
234 1187 305 1232 simul
314 1186 409 1242 fugiens
419 1186 524 1232 Rutulos
535 1185 605 1232 simul
615 1185 725 1241 increpat
736 1201 829 1242 omnes,

180 1255 275 1302 nomine
279 1269 396 1310 quemque
402 1269 498 1310 vocans,
504 1255 635 1308 notumque
640 1253 759 1309 efflagitat
766 1270 855 1302 ensem.

131 1336 169 1384 760
180 1325 275 1371 Aeneas
284 1325 387 1370 mortem
397 1324 482 1369 contra
492 1337 649 1377 praesensque
661 1322 773 1369 minatur

180 1392 289 1448 exitium,
300 1391 321 1438 si
330 1391 454 1447 quisquam
464 1392 544 1447 adeat,
554 1391 677 1445 terretque
687 1391 826 1438 trementes

180 1460 315 1506 excisurum
325 1460 409 1505 urbem
420 1459 534 1505 minitans
544 1459 569 1505 et
578 1458 673 1505 saueius
683 1459 771 1506 instat.

181 1528 291 1584 Quinque
300 1527 369 1574 orbes
380 1527 478 1582 explent
488 1542 560 1575 cursu
569 1527 718 1581 totidemque
727 1529 846 1576 retexunt

180 1597 227 1643 huc
237 1596 293 1643 illuc
304 1616 309 1642 :
323 1611 399 1650 neque
410 1596 473 1642 enim
483 1596 545 1642 levia
555 1597 598 1641 aut
607 1595 700 1641 ludicra
710 1598 833 1650 petuntur

181 1664 296 1721 praemia,
308 1665 349 1711 scd
359 1665 437 1710 Turni
447 1665 475 1710 de
486 1665 537 1710 vita
546 1666 570 1710 et
581 1663 696 1719 sanguine
707 1667 817 1712 certant.

182 1733 256 1780 Forte
267 1748 334 1779 sacer
345 1733 429 1779 Fauno
439 1733 502 1779 foliis
513 1733 615 1778 oleaster
624 1732 715 1778 amaris

181 1801 220 1847 hic
230 1802 340 1856 steterat,
351 1801 432 1847 nautis
442 1802 499 1847 olim
508 1800 643 1847 venerabile
653 1800 757 1858 lignum,

181 1869 271 1914 servati
281 1884 310 1914 ex
320 1869 390 1915 undis
400 1870 441 1915 ubi
451 1870 523 1925 figere
534 1870 596 1915 dona
606 1868 716 1915 solebant

181 1935 298 1980 Laurenti
308 1936 362 1981 divo
372 1938 396 1981 et
406 1938 474 1982 votas
485 1937 629 1992 suspendere
639 1938 720 1983 vestes
729 1956 734 1988 ς

134 2023 171 2059 770
182 2001 224 2049 sed
233 2002 332 2056 stirpem
344 2003 431 2050 Teucri
440 2005 506 2051 nullo
517 2005 652 2052 discrimine
662 2020 761 2051 sacrum

182 2069 340 2126 sustulerant,
352 2087 413 2125 puro
422 2074 451 2117 ut
461 2075 559 2126 possent
569 2088 712 2120 concurrere
722 2089 819 2130 campo.

182 2139 230 2186 Hic
240 2139 311 2184 hasta
321 2139 416 2186 Aeneae
427 2141 516 2197 stabat,
527 2142 574 2188 huc
584 2142 688 2196 impetus
698 2141 768 2188 illam

182 2207 304 2255 detulerat
314 2208 386 2254 fixam
397 2210 421 2254 et
431 2209 498 2254 lenta
508 2211 588 2256 radice
598 2212 705 2258 tenebat.

181 2276 292 2324 incubuit
302 2277 423 2331 voluitque
434 2293 507 2323 manu
518 2279 649 2325 convellere
660 2280 756 2325 ferrum

182 2345 333 2392 Dardanides
341 2345 435 2401 teloque
446 2346 519 2400 sequi,
531 2361 600 2400 quem
610 2347 729 2400 prendere
741 2364 818 2395 cursu

181 2429 230 2460 non
241 2415 344 2468 poterat.
375 2415 437 2459 Tum
447 2429 504 2460 vero
514 2429 595 2459 amens
607 2415 736 2462 tormidine
748 2417 849 2463 Turnus

183 2481 291 2538 ‘Fauna
308 2497 400 2538 precor,
420 2482 546 2528 miserere'
563 2482 641 2537 inquit
659 2482 752 2538 ‘tuque
771 2485 862 2541 optimu

238 2551 332 2596 ferrum

181 2619 249 2731 terr?
258 2619 322 2674 tene,
334 2618 395 2665 colui
406 2620 498 2665 vestros
508 2618 528 2665 si
539 2634 632 2674 semper
641 2618 757 2678 honores,

247 2689 282 2733 428
293 2686 300 2731 )
