<?xml version="1.0" encoding="UTF-8"?>
<!DOCTYPE html PUBLIC "-//W3C//DTD XHTML 1.0 Transitional//EN"
    "http://www.w3.org/TR/xhtml1/DTD/xhtml1-transitional.dtd">
<html xmlns="http://www.w3.org/1999/xhtml" xml:lang="en" lang="en">
 <head>
  <title>
</title>
<meta http-equiv="Content-Type" content="text/html;charset=utf-8" />
  <meta name='ocr-system' content='tesseract 3.04.00' />
  <meta name='ocr-capabilities' content='ocr_page ocr_carea ocr_par ocr_line ocrx_word'/>
</head>
<body>
  <div class='ocr_page' id='page_1' title='image "./pvergilimaronis07virggoog/pvergilimaronis07virggoog_0082.png"; bbox 0 0 1972 3164; ppageno 0'>
   <div class='ocr_carea' id='block_1_1' title="bbox 423 169 621 228">
    <p class='ocr_par' dir='ltr' id='par_1_1' title="bbox 423 169 621 228">
     <span class='ocr_line' id='line_1_1' title="bbox 423 169 621 228; baseline -0.01 -18"><span class='ocrx_word' id='word_1_1' title='bbox 423 169 573 228; x_wconf 54' lang='lat' dir='ltr'>cucumer„</span> <span class='ocrx_word' id='word_1_2' title='bbox 598 170 621 209; x_wconf 95' lang='lat'>11</span> 
     </span>
    </p>
   </div>
   <div class='ocr_carea' id='block_1_2' title="bbox 136 262 832 1272">
    <p class='ocr_par' dir='ltr' id='par_1_2' title="bbox 184 262 762 326">
     <span class='ocr_line' id='line_1_2' title="bbox 184 262 762 326; baseline 0.005 -13"><span class='ocrx_word' id='word_1_3' title='bbox 184 265 248 325; x_wconf 73' lang='lat' dir='ltr'>ignis</span> <span class='ocrx_word' id='word_1_4' title='bbox 257 265 298 314; x_wconf 91' lang='lat' dir='ltr'>ubi</span> <span class='ocrx_word' id='word_1_5' title='bbox 307 262 333 314; x_wconf 89' lang='lat' dir='ltr'>in</span> <span class='ocrx_word' id='word_1_6' title='bbox 343 265 420 314; x_wconf 90' lang='lat' dir='ltr'>medio</span> <span class='ocrx_word' id='word_1_7' title='bbox 429 269 455 315; x_wconf 88' lang='lat' dir='ltr'>et</span> <span class='ocrx_word' id='word_1_8' title='bbox 465 267 524 315; x_wconf 89' lang='lat' dir='ltr'>socii</span> <span class='ocrx_word' id='word_1_9' title='bbox 533 269 628 314; x_wconf 75' lang='lat' dir='ltr'>cratere</span> <span class='ocrx_word' id='word_1_10' title='bbox 638 270 762 326; x_wconf 77' lang='lat' dir='ltr'>coronent,</span> 
     </span>
    </p>

    <p class='ocr_par' dir='ltr' id='par_1_3' title="bbox 136 335 791 461">
     <span class='ocr_line' id='line_1_3' title="bbox 185 335 791 393; baseline 0 -9"><span class='ocrx_word' id='word_1_11' title='bbox 185 338 211 384; x_wconf 88' lang='lat' dir='ltr'>te</span> <span class='ocrx_word' id='word_1_12' title='bbox 220 335 307 393; x_wconf 82' lang='lat' dir='ltr'>libens,</span> <span class='ocrx_word' id='word_1_13' title='bbox 318 336 420 393; x_wconf 77' lang='lat' dir='ltr'>Lenaee,</span> <span class='ocrx_word' id='word_1_14' title='bbox 430 337 510 393; x_wconf 81' lang='lat' dir='ltr'>vocet,</span> <span class='ocrx_word' id='word_1_15' title='bbox 521 335 660 392; x_wconf 75' lang='lat' dir='ltr'>pecorisque</span> <span class='ocrx_word' id='word_1_16' title='bbox 669 337 791 393; x_wconf 75' lang='lat' dir='ltr'>magistris</span> 
     </span>
     <span class='ocr_line' id='line_1_4' title="bbox 136 404 697 461; baseline -0.002 -10"><span class='ocrx_word' id='word_1_17' title='bbox 136 421 175 458; x_wconf 80' lang='lat'>⁵30</span> <span class='ocrx_word' id='word_1_18' title='bbox 186 404 273 453; x_wconf 84' lang='lat' dir='ltr'>velocis</span> <span class='ocrx_word' id='word_1_19' title='bbox 282 405 355 452; x_wconf 82' lang='lat' dir='ltr'>iaculi</span> <span class='ocrx_word' id='word_1_20' title='bbox 364 405 497 453; x_wconf 82' lang='lat' dir='ltr'>certamine</span> <span class='ocrx_word' id='word_1_21' title='bbox 507 404 576 460; x_wconf 87' lang='lat' dir='ltr'>ponit</span> <span class='ocrx_word' id='word_1_22' title='bbox 586 404 612 449; x_wconf 92' lang='lat' dir='ltr'>in</span> <span class='ocrx_word' id='word_1_23' title='bbox 622 404 697 461; x_wconf 92' lang='lat' dir='ltr'>ulmo,</span> 
     </span>
    </p>

    <p class='ocr_par' dir='ltr' id='par_1_4' title="bbox 186 472 821 530">
     <span class='ocr_line' id='line_1_5' title="bbox 186 472 821 530; baseline -0.002 -9"><span class='ocrx_word' id='word_1_24' title='bbox 186 488 332 529; x_wconf 73' lang='lat' dir='ltr'>corporeque</span> <span class='ocrx_word' id='word_1_25' title='bbox 343 473 433 530; x_wconf 75' lang='lat' dir='ltr'>egreeti</span> <span class='ocrx_word' id='word_1_26' title='bbox 442 473 537 519; x_wconf 77' lang='lat' dir='ltr'>nudant</span> <span class='ocrx_word' id='word_1_27' title='bbox 547 473 669 527; x_wconf 80' lang='lat' dir='ltr'>praedura</span> <span class='ocrx_word' id='word_1_28' title='bbox 679 472 821 528; x_wconf 72' lang='lat' dir='ltr'><strong>palaestrae.</strong></span> 
     </span>
    </p>

    <p class='ocr_par' dir='ltr' id='par_1_5' title="bbox 185 540 724 598">
     <span class='ocr_line' id='line_1_6' title="bbox 185 540 724 598; baseline -0.002 -10"><span class='ocrx_word' id='word_1_29' title='bbox 185 541 259 588; x_wconf 75' lang='lat' dir='ltr'>Hunc</span> <span class='ocrx_word' id='word_1_30' title='bbox 273 541 330 588; x_wconf 88' lang='lat' dir='ltr'>clim</span> <span class='ocrx_word' id='word_1_31' title='bbox 339 543 432 589; x_wconf 84' lang='lat' dir='ltr'>veteres</span> <span class='ocrx_word' id='word_1_32' title='bbox 441 541 517 588; x_wconf 81' lang='lat' dir='ltr'>vitem</span> <span class='ocrx_word' id='word_1_33' title='bbox 529 541 623 588; x_wconf 85' lang='lat' dir='ltr'>coluere</span> <span class='ocrx_word' id='word_1_34' title='bbox 634 540 724 598; x_wconf 82' lang='lat' dir='ltr'>Sebini,</span> 
     </span>
    </p>

    <p class='ocr_par' dir='ltr' id='par_1_6' title="bbox 186 608 804 663">
     <span class='ocr_line' id='line_1_7' title="bbox 186 608 804 663; baseline 0 -7"><span class='ocrx_word' id='word_1_35' title='bbox 186 609 249 658; x_wconf 76' lang='lat' dir='ltr'>hanc</span> <span class='ocrx_word' id='word_1_36' title='bbox 259 609 350 657; x_wconf 82' lang='lat' dir='ltr'>Remus</span> <span class='ocrx_word' id='word_1_37' title='bbox 360 609 480 663; x_wconf 76' lang='lat' dir='ltr'>eisteten,</span> <span class='ocrx_word' id='word_1_38' title='bbox 491 609 525 656; x_wconf 90' lang='lat' dir='ltr'>sic</span> <span class='ocrx_word' id='word_1_39' title='bbox 534 608 605 656; x_wconf 82' lang='lat' dir='ltr'>fortis</span> <span class='ocrx_word' id='word_1_40' title='bbox 616 608 719 656; x_wconf 76' lang='lat' dir='ltr'>Etruria</span> <span class='ocrx_word' id='word_1_41' title='bbox 728 610 804 656; x_wconf 82' lang='lat' dir='ltr'>crevit</span> 
     </span>
    </p>

    <p class='ocr_par' dir='ltr' id='par_1_7' title="bbox 186 676 797 734">
     <span class='ocr_line' id='line_1_8' title="bbox 186 676 797 734; baseline -0.002 -9"><span class='ocrx_word' id='word_1_42' title='bbox 186 677 277 725; x_wconf 86' lang='lat' dir='ltr'>scilicet</span> <span class='ocrx_word' id='word_1_43' title='bbox 286 678 312 725; x_wconf 84' lang='lat' dir='ltr'>et</span> <span class='ocrx_word' id='word_1_44' title='bbox 322 693 404 725; x_wconf 85' lang='lat' dir='ltr'>rerum</span> <span class='ocrx_word' id='word_1_45' title='bbox 414 677 482 725; x_wconf 77' lang='lat' dir='ltr'>facts</span> <span class='ocrx_word' id='word_1_46' title='bbox 491 678 530 724; x_wconf 87' lang='lat' dir='ltr'>est</span> <span class='ocrx_word' id='word_1_47' title='bbox 539 676 701 732; x_wconf 80' lang='lat' dir='ltr'>pulcherrime</span> <span class='ocrx_word' id='word_1_48' title='bbox 710 677 797 734; x_wconf 83' lang='lat' dir='ltr'>Rome,</span> 
     </span>
    </p>

    <p class='ocr_par' dir='ltr' id='par_1_8' title="bbox 186 745 768 802">
     <span class='ocr_line' id='line_1_9' title="bbox 186 745 768 802; baseline 0.002 -10"><span class='ocrx_word' id='word_1_49' title='bbox 186 748 325 802; x_wconf 85' lang='lat' dir='ltr'>septemque</span> <span class='ocrx_word' id='word_1_50' title='bbox 334 762 384 793; x_wconf 83' lang='lat' dir='ltr'>unu</span> <span class='ocrx_word' id='word_1_51' title='bbox 393 746 439 792; x_wconf 89' lang='lat' dir='ltr'>sibi</span> <span class='ocrx_word' id='word_1_52' title='bbox 448 760 518 792; x_wconf 87' lang='lat' dir='ltr'>muro</span> <span class='ocrx_word' id='word_1_53' title='bbox 527 745 683 793; x_wconf 65' lang='lat' dir='ltr'>circumdedit</span> <span class='ocrx_word' id='word_1_54' title='bbox 693 761 768 793; x_wconf 76' lang='lat' dir='ltr'>arces.</span> 
     </span>
    </p>

    <p class='ocr_par' dir='ltr' id='par_1_9' title="bbox 186 812 747 869">
     <span class='ocr_line' id='line_1_10' title="bbox 186 812 747 869; baseline 0 -9"><span class='ocrx_word' id='word_1_55' title='bbox 186 814 252 861; x_wconf 80' lang='lat' dir='ltr'>Ante</span> <span class='ocrx_word' id='word_1_56' title='bbox 262 814 336 861; x_wconf 84' lang='lat' dir='ltr'>etism</span> <span class='ocrx_word' id='word_1_57' title='bbox 346 816 467 869; x_wconf 87' lang='lat' dir='ltr'>sceptrum</span> <span class='ocrx_word' id='word_1_58' title='bbox 477 812 573 860; x_wconf 77' lang='lat' dir='ltr'>Dictaei</span> <span class='ocrx_word' id='word_1_59' title='bbox 582 812 645 869; x_wconf 77' lang='lat' dir='ltr'>regis</span> <span class='ocrx_word' id='word_1_60' title='bbox 655 813 680 860; x_wconf 91' lang='lat' dir='ltr'>et</span> <span class='ocrx_word' id='word_1_61' title='bbox 690 814 747 860; x_wconf 77' lang='lat' dir='ltr'>ente</span> 
     </span>
    </p>

    <p class='ocr_par' dir='ltr' id='par_1_10' title="bbox 186 880 775 938">
     <span class='ocr_line' id='line_1_11' title="bbox 186 880 775 938; baseline -0.002 -9"><span class='ocrx_word' id='word_1_62' title='bbox 186 881 262 938; x_wconf 76' lang='lat' dir='ltr'>impin</span> <span class='ocrx_word' id='word_1_63' title='bbox 271 898 343 937; x_wconf 82' lang='lat' dir='ltr'>quem</span> <span class='ocrx_word' id='word_1_64' title='bbox 351 883 426 929; x_wconf 78' lang='lat' dir='ltr'>caesis</span> <span class='ocrx_word' id='word_1_65' title='bbox 435 896 494 937; x_wconf 79' lang='lat' dir='ltr'>gens</span> <span class='ocrx_word' id='word_1_66' title='bbox 504 883 542 928; x_wconf 80' lang='lat' dir='ltr'>est</span> <span class='ocrx_word' id='word_1_67' title='bbox 553 880 652 936; x_wconf 77' lang='lat' dir='ltr'>epulata</span> <span class='ocrx_word' id='word_1_68' title='bbox 661 881 775 937; x_wconf 80' lang='lat' dir='ltr'>iuvencis,</span> 
     </span>
    </p>

    <p class='ocr_par' dir='ltr' id='par_1_11' title="bbox 187 949 793 1006">
     <span class='ocr_line' id='line_1_12' title="bbox 187 949 793 1006; baseline -0.005 -9"><span class='ocrx_word' id='word_1_69' title='bbox 187 965 275 997; x_wconf 76' lang='lat' dir='ltr'>eureus</span> <span class='ocrx_word' id='word_1_70' title='bbox 285 950 348 998; x_wconf 86' lang='lat' dir='ltr'>huuc</span> <span class='ocrx_word' id='word_1_71' title='bbox 358 950 433 997; x_wconf 73' lang='lat' dir='ltr'>vitum</span> <span class='ocrx_word' id='word_1_72' title='bbox 443 950 469 996; x_wconf 88' lang='lat' dir='ltr'>in</span> <span class='ocrx_word' id='word_1_73' title='bbox 478 949 551 996; x_wconf 85' lang='lat' dir='ltr'>terris</span> <span class='ocrx_word' id='word_1_74' title='bbox 562 949 682 995; x_wconf 82' lang='lat' dir='ltr'>Saturnus</span> <span class='ocrx_word' id='word_1_75' title='bbox 692 949 793 1006; x_wconf 53' lang='lat' dir='ltr'>egebam</span> 
     </span>
    </p>

    <p class='ocr_par' dir='ltr' id='par_1_12' title="bbox 137 1016 832 1138">
     <span class='ocr_line' id='line_1_13' title="bbox 187 1016 832 1073; baseline -0.005 -8"><span class='ocrx_word' id='word_1_76' title='bbox 187 1019 290 1066; x_wconf 88' lang='lat' dir='ltr'>necdum</span> <span class='ocrx_word' id='word_1_77' title='bbox 300 1019 374 1065; x_wconf 77' lang='lat' dir='ltr'>etism</span> <span class='ocrx_word' id='word_1_78' title='bbox 384 1019 512 1066; x_wconf 74' lang='lat' dir='ltr'>audierant</span> <span class='ocrx_word' id='word_1_79' title='bbox 521 1016 601 1064; x_wconf 83' lang='lat' dir='ltr'>infieri</span> <span class='ocrx_word' id='word_1_80' title='bbox 611 1016 718 1073; x_wconf 72' lang='lat' dir='ltr'>classica,</span> <span class='ocrx_word' id='word_1_81' title='bbox 729 1016 832 1063; x_wconf 89' lang='lat' dir='ltr'>necdum</span> 
     </span>
     <span class='ocr_line' id='line_1_14' title="bbox 137 1081 739 1138; baseline -0.002 -9"><span class='ocrx_word' id='word_1_82' title='bbox 137 1101 176 1137; x_wconf 76' lang='lat'>5⁴⁰</span> <span class='ocrx_word' id='word_1_83' title='bbox 186 1083 313 1138; x_wconf 83' lang='lat' dir='ltr'>impositos</span> <span class='ocrx_word' id='word_1_84' title='bbox 322 1083 388 1130; x_wconf 87' lang='lat' dir='ltr'>duris</span> <span class='ocrx_word' id='word_1_85' title='bbox 398 1083 517 1138; x_wconf 76' lang='lat' dir='ltr'>crepitare</span> <span class='ocrx_word' id='word_1_86' title='bbox 527 1081 653 1128; x_wconf 81' lang='lat' dir='ltr'>incudibus</span> <span class='ocrx_word' id='word_1_87' title='bbox 663 1096 739 1128; x_wconf 80' lang='lat' dir='ltr'>enses.</span> 
     </span>
    </p>

    <p class='ocr_par' dir='ltr' id='par_1_13' title="bbox 186 1145 829 1272">
     <span class='ocr_line' id='line_1_15' title="bbox 217 1145 829 1202; baseline -0.007 -7"><span class='ocrx_word' id='word_1_88' title='bbox 217 1147 265 1195; x_wconf 86' lang='lat' dir='ltr'>Sed</span> <span class='ocrx_word' id='word_1_89' title='bbox 274 1163 317 1195; x_wconf 91' lang='lat' dir='ltr'>ncs</span> <span class='ocrx_word' id='word_1_90' title='bbox 326 1147 470 1195; x_wconf 88' lang='lat' dir='ltr'>immensum</span> <span class='ocrx_word' id='word_1_91' title='bbox 479 1146 565 1202; x_wconf 79' lang='lat' dir='ltr'>spatiis</span> <span class='ocrx_word' id='word_1_92' title='bbox 576 1145 722 1192; x_wconf 77' lang='lat' dir='ltr'>confecimus</span> <span class='ocrx_word' id='word_1_93' title='bbox 731 1160 829 1202; x_wconf 82' lang='lat' dir='ltr'>nequer,</span> 
     </span>
     <span class='ocr_line' id='line_1_16' title="bbox 186 1212 783 1272; baseline -0.01 -8"><span class='ocrx_word' id='word_1_94' title='bbox 186 1218 213 1264; x_wconf 86' lang='lat' dir='ltr'>et</span> <span class='ocrx_word' id='word_1_95' title='bbox 222 1215 272 1262; x_wconf 81' lang='lat' dir='ltr'>ism</span> <span class='ocrx_word' id='word_1_96' title='bbox 280 1217 376 1272; x_wconf 84' lang='lat' dir='ltr'>tempus</span> <span class='ocrx_word' id='word_1_97' title='bbox 385 1231 472 1272; x_wconf 88' lang='lat' dir='ltr'>equum</span> <span class='ocrx_word' id='word_1_98' title='bbox 482 1212 605 1262; x_wconf 77' lang='lat' dir='ltr'>fumantis</span> <span class='ocrx_word' id='word_1_99' title='bbox 613 1212 705 1261; x_wconf 84' lang='lat' dir='ltr'>solvere</span> <span class='ocrx_word' id='word_1_100' title='bbox 715 1212 783 1261; x_wconf 81' lang='lat' dir='ltr'>colla.</span> 
     </span>
    </p>
   </div>
   <div class='ocr_carea' id='block_1_3' title="bbox 0 0 996 3164">
    <p class='ocr_par' dir='ltr' id='par_1_14' title="bbox 0 0 996 3164">
     <span class='ocr_line' id='line_1_17' title="bbox 0 0 996 3164; baseline 0 0"><span class='ocrx_word' id='word_1_101' title='bbox 0 0 996 3164; x_wconf 95' lang='lat' dir='ltr'> </span> 
     </span>
    </p>
   </div>
  </div>
 </body>
</html>
