1972 3164
476 179 499 217 P.
512 178 632 218 vultum
645 178 778 221 maome

288 277 382 325 frondis
392 277 602 335 Hamadryadum,
612 294 716 334 quarum
726 294 777 327 non
787 281 871 332 divite
882 285 953 335 cultu

290 345 399 392 aemulus
409 346 514 393 Ascrmo
523 347 607 402 pastor
616 345 662 392 sibi
670 347 773 404 quisque
783 353 879 405 poetae
913 397 916 403 ,

291 430 399 462 securam
409 413 503 470 placido
511 413 619 460 traducit
627 415 726 469 pectore
736 416 817 464 vitam
827 421 833 465 ἔ

320 481 419 529 Talibus
428 481 454 528 in
464 480 550 527 studiis
559 480 644 528 baculo
654 482 713 528 dum
723 482 798 530 nixus
809 487 912 542 apricas

291 554 376 606 pastor
384 550 436 607 ugit
445 564 515 597 curas
524 550 550 596 et
559 548 617 596 dum
626 563 676 596 nou
684 551 741 598 arte
751 566 848 602 canora

245 634 281 661 100
292 619 418 674 compacta
427 617 525 664 solitum
534 616 674 664 modulatur
682 617 824 668 harundine
834 637 939 672 carmen

291 687 370 734 tendit
379 685 503 732 iuevectus
512 685 591 732 radios
602 685 750 741 Hyperionis
759 689 839 737 ardor

291 754 416 809 lucidaque
426 753 533 800 aetherio
543 752 611 808 pouit
620 752 761 802 discrimina
769 759 876 817 mundo,
940 798 944 815 ,
970 760 974 773 ’

291 838 339 879 qua
348 821 405 869 iacit
415 821 538 868 Oceanum
548 820 658 868 flammas
670 821 697 869 in
705 825 843 881 utrumqne
852 830 946 884 rapaci

291 892 317 938 et
326 891 374 937 iam
384 889 533 944 conpellente
542 903 619 946 vagae
626 891 724 945 pastore
733 893 844 948 capellae

291 960 341 1006 ima
350 957 498 1005 susurrantis
507 956 650 1012 repetebant
659 957 691 1005 ed
698 959 761 1005 vada
768 959 895 1017 lymphae,

292 1042 353 1083 quae
363 1025 447 1073 subter
455 1024 557 1071 viridem
566 1024 702 1073 residebant
710 1024 807 1072 caerula
815 1040 936 1074 muscum

292 1095 340 1142 iam
351 1093 440 1142 medias
450 1108 550 1149 operum
559 1095 641 1149 partes
648 1092 740 1140 evectus
749 1093 804 1138 erat
814 1092 862 1149 sol,

293 1179 348 1212 cum
358 1163 443 1210 densas
453 1163 537 1217 pastor
546 1162 649 1217 pecudes
657 1159 753 1216 cogebat
760 1158 789 1205 in
798 1161 922 1210 umbras.

293 1233 322 1278 ut
331 1230 416 1287 procul
425 1230 535 1285 adspexit
543 1229 599 1277 luco
608 1229 711 1277 residere
718 1227 820 1285 virenti,

247 1319 282 1348 110
293 1299 366 1346 Delia
374 1298 438 1355 diva,
448 1300 501 1355 tuo,
511 1313 558 1353 quo
567 1298 689 1354 quondam
697 1297 763 1344 ricta
771 1296 860 1346 iurare

293 1367 360 1415 yenit
369 1367 509 1424 Nyctelium
519 1366 616 1424 fugiens
626 1366 737 1414 Cadmeis
746 1365 846 1423 Agaue,

293 1436 405 1484 infandas
415 1435 532 1483 scelerata
541 1449 627 1481 manus
637 1436 663 1482 et
673 1434 746 1483 caede
754 1439 878 1484 cruenta:

294 1519 354 1562 quae
364 1503 448 1561 gelidis
457 1502 577 1551 bacchata
583 1502 646 1559 iugis
655 1500 775 1558 requievit
784 1503 813 1550 in
822 1505 909 1562 antro,

294 1573 412 1629 posterius
422 1586 523 1628 poenam
532 1571 586 1618 nati
595 1571 624 1618 de
634 1571 713 1618 morte
723 1571 824 1619 datura.

295 1641 333 1688 hic
343 1641 417 1688 etiam
426 1640 497 1687 viridi
506 1639 617 1686 ludentes
627 1653 702 1694 panes
712 1638 737 1684 in
747 1638 828 1687 herba

295 1712 320 1757 et
330 1710 406 1765 satyri
414 1709 560 1764 dryadesque
570 1707 655 1754 choros
665 1722 736 1764 egere
746 1707 847 1762 puellae

295 1777 408 1824 naiadum
418 1778 500 1823 coetu:
513 1791 562 1823 non
571 1777 669 1822 tantum
679 1774 800 1830 Oeagrius
811 1776 931 1824 Hebrum

295 1845 428 1892 restantem
437 1844 518 1890 tenuit
527 1843 586 1898 ripis
595 1843 715 1896 silvasque
725 1844 848 1900 canendo,

296 1915 413 1969 quantum
423 1914 448 1959 te
458 1911 554 1968 pernice
564 1911 698 1965 morantur,
709 1909 774 1967 diva,
787 1910 884 1960 chorea

250 2008 285 2034 120
296 1982 375 2029 multa
384 1983 426 2028 tuo
435 1981 513 2028 laetae
523 1979 652 2026 fundentes
661 1977 751 2033 gaudia
760 1978 837 2024 vultu
847 1999 855 2035 ;

295 2054 348 2110 ipsa
356 2052 404 2100 loci
413 2053 502 2098 natura
511 2050 617 2104 domum,
627 2048 756 2094 resonante
767 2062 886 2108 susurro,

295 2122 348 2179 quis
359 2121 432 2168 dabat
442 2120 467 2167 et
477 2117 541 2165 dulci
550 2118 625 2164 fessas
635 2113 759 2162 refovebat
769 2116 797 2161 in
807 2118 914 2167 umbra.

295 2207 353 2239 nam
363 2190 467 2247 primum
477 2202 553 2243 prona
562 2184 694 2242 surgebant
704 2182 768 2228 valle
778 2185 903 2238 patentes

295 2261 375 2308 aeriae
385 2259 506 2314 platanus,
516 2255 581 2300 inter
589 2267 648 2307 quas
657 2249 732 2304 impia
741 2249 814 2307 lotos,

295 2329 379 2384 impia,
390 2341 449 2382 quae
459 2323 535 2371 socios
544 2321 624 2369 Ithaci
633 2318 762 2366 maerentis
772 2319 873 2378 abegit,

295 2396 393 2452 hospita
402 2395 459 2441 dum
469 2391 543 2439 nimia
551 2389 631 2437 tenuit
640 2387 765 2435 dulcedine
775 2390 875 2442 captos.

296 2465 323 2509 at
334 2463 419 2519 quibus
429 2459 517 2516 insigni
525 2473 598 2506 curru
608 2455 728 2512 proiectus
737 2468 860 2508 equorum

347 2530 354 2578 <
365 2533 401 2578 448
411 2530 418 2578 )
