1972 3164
369 181 391 220 P.
404 180 523 220 VERGILI
535 181 664 222 MARONIS

178 277 286 335 fulgores
295 293 362 327 nunc
371 279 491 327 terrificos
502 279 654 337 sonitumque
664 282 810 340 metumque

179 348 315 395 miscebant
324 347 392 404 operi
400 347 549 403 flammisque
560 348 702 404 sequacibus
711 350 771 398 iras.

179 417 256 465 Parte
265 417 314 464 alia
323 417 401 464 Marti
411 432 556 472 currumque
566 419 682 473 rotasque
691 419 806 468 volucres

178 486 315 544 instabant,
325 486 412 542 quibus
421 486 463 534 ille
473 487 546 542 viros,
557 486 644 542 quibus
653 487 747 535 excitat
757 489 845 546 urbes;

179 556 311 612 aegidaque
320 555 475 611 horriferam,
485 555 600 602 turbatae
611 555 720 603 Palladis
729 571 810 614 arma,

179 623 291 671 certatim
301 624 406 679 squamis
416 626 556 680 serpentum
566 639 672 680 auroque
682 625 795 680 polibant

179 706 327 749 conexosque
337 707 430 751 angues
439 693 566 750 ipsamque
576 694 602 740 in
611 694 711 748 pectore
721 693 793 741 divae

179 762 303 820 Gorgona,
315 763 411 810 desecto
420 764 557 810 vertentem
566 760 661 808 lumina
671 761 742 810 collo.

180 830 186 852 ‘
195 830 283 878 Tollite
290 832 390 878 cuncta’
399 830 477 887 inquit
485 829 491 851 ‘
499 831 641 886 coeptosque
648 829 746 878 auferte
752 830 853 886 labores,

130 917 169 953 440
179 899 285 948 Aetnaei
295 899 419 956 Cyclopes,
429 901 455 947 et
464 899 512 946 hnc
522 899 643 946 advertite
652 901 777 947 mentem:

179 984 249 1016 arma
258 967 310 1016 acri
319 967 433 1016 facienda
441 967 503 1023 viro,
514 982 580 1014 nunc
589 966 682 1013 viribus
692 982 761 1025 usus,

179 1054 245 1086 nunc
254 1037 365 1084 manibus
374 1036 475 1092 rapidis,
485 1035 551 1083 omni
559 1050 625 1082 nunc
634 1037 689 1082 arte
699 1036 828 1092 magistra.

179 1107 338 1164 praecipitate
348 1105 444 1153 moras)
474 1105 527 1152 Nec
537 1104 610 1160 plura
619 1106 725 1162 effatus3
741 1107 770 1153 at
779 1105 816 1154 illi

178 1177 245 1224 ocius
254 1175 385 1222 incubuere
395 1188 478 1222 omnes
488 1173 626 1230 pariterque
635 1173 748 1221 laborem

178 1244 266 1292 sortiti.
296 1241 365 1290 Fluit
375 1242 483 1290 aestivis
493 1242 593 1297 aurique
603 1242 741 1299 metallum,

178 1312 353 1367 vulnificusque
363 1310 462 1367 chalybs
471 1311 542 1358 vasta
550 1310 649 1358 fornace
658 1310 780 1366 liquescit.

179 1382 308 1437 Ingentem
319 1380 422 1435 clipeum
431 1379 574 1437 informant,
584 1395 662 1426 unum
671 1378 755 1427 omnia
764 1385 850 1428 contra

178 1449 229 1497 tela
239 1448 391 1505 Latinorum,
402 1451 560 1505 septenosque
570 1448 668 1496 orbibus
678 1448 749 1496 orbes

178 1517 325 1574 impediunt.
354 1518 405 1565 Alii
414 1518 520 1565 ventosis
532 1517 629 1565 follibus
639 1531 714 1564 auras

130 1601 168 1638 450
178 1587 302 1642 accipiunt
311 1586 473 1644 redduntque,
484 1587 525 1632 alii
535 1586 664 1634 stridentia
672 1587 776 1643 tingunt

178 1670 236 1702 aera
246 1655 309 1702 lacu.
339 1656 421 1702 Gemit
431 1655 549 1711 impositis
560 1655 686 1702 incudibus
696 1657 806 1703 antrum.

178 1723 219 1769 Illi
228 1723 293 1770 inter
304 1739 355 1770 sese
364 1725 443 1771 multo
452 1724 477 1770 vi
485 1724 598 1771 bracchia
607 1723 697 1770 tollunt

177 1792 203 1838 in
213 1808 350 1848 numerum,
360 1795 505 1849 versantqde
514 1791 595 1840 tenaci
604 1791 695 1847 forcipe
705 1807 819 1839 massam.

207 1861 275 1908 Haec
285 1862 356 1916 pater
365 1861 455 1908 Aeoliis
465 1863 580 1917 properat
590 1862 648 1908 dum
658 1860 774 1908 Lemnius
782 1861 840 1917 oris,

178 1929 321 1976 Evandrum
331 1944 361 1976 ex
369 1929 456 1976 humili
466 1932 531 1976 tecto
540 1930 583 1975 lux
593 1929 695 1976 suscitat
705 1927 772 1976 alma

177 2000 202 2044 et
212 1998 329 2044 matutini
337 1997 464 2045 volucrum
475 1998 519 2045 snb
530 1998 633 2045 culmine
643 2000 739 2044 cantus.

178 2067 311 2125 Consurgit
321 2067 407 2124 senior,
418 2067 547 2122 tunicaque
556 2066 680 2113 inducitur
690 2067 769 2123 artus,

177 2139 202 2182 et
213 2136 339 2190 Tyrrhena
349 2136 437 2191 pedum
447 2135 581 2183 circumdat
590 2134 688 2181 vincula
698 2134 790 2190 plantis
800 2154 806 2180 :

177 2205 231 2250 tum
241 2204 312 2251 lateri
323 2206 394 2259 atque
405 2204 494 2251 umeris
505 2204 641 2260 Tegeaeum
649 2202 756 2259 subligat
762 2217 854 2261 ensem,

128 2285 165 2331 460
177 2273 280 2320 demissa
290 2272 320 2320 ab
330 2273 398 2319 laeva
408 2272 539 2328 pantherae
550 2273 621 2328 terga
630 2273 783 2326 retorquens.

177 2341 228 2388 Nec
239 2357 286 2388 nou
296 2344 321 2389 et
331 2340 420 2397 gemini
430 2342 540 2388 custodes
551 2340 635 2387 limine
646 2340 676 2387 ab
687 2340 739 2386 alto

176 2411 325 2465 praecedunt
335 2424 490 2468 gressumque
500 2424 571 2456 canes
582 2409 732 2456 comitantur
742 2408 854 2456 herilem.

176 2478 293 2595 Hospitgis)
298 2479 394 2526 Aeneae
405 2478 485 2526 sedem
495 2479 520 2525 et
530 2480 624 2525 secreta
634 2476 735 2533 petebat

241 2560 251 2595 3
