1972 3164
150 519 185 583 P.
216 520 401 587 VERGILI
433 525 642 593 MARONIS
721 600 724 605 ,

264 691 301 766 Α
314 693 348 766 Ε
363 692 401 768 N
415 695 449 768 Ε
464 695 527 771 Is

355 879 432 907 -44-

215 1006 333 1063 LIBER
359 1011 567 1067 SECUNDUS.

58 1138 388 1231 OONTIOUEREemnes
398 1142 532 1198 intentique
542 1158 586 1190 ora
595 1142 721 1190 tenebant.

116 1207 177 1253 Inde
186 1209 241 1254 tero
251 1209 320 1264 pater
329 1209 423 1256 Aeneas
434 1210 468 1257 sic
477 1225 546 1256 orsus
556 1211 587 1256 ab
596 1210 662 1258 altos

57 1274 213 1332 ‘Infandum
224 1277 316 1334 regina,
326 1277 393 1324 iubes
403 1293 519 1325 renovare
528 1278 642 1335 dolerem,

57 1343 175 1390 Tieianas
184 1347 213 1390 ut
222 1359 279 1400 opes
289 1347 314 1392 et
323 1344 479 1392 lamentabile
489 1360 592 1402 regnum

57 1413 167 1460 eruerint
176 1413 257 1460 Danai
266 1433 272 1469 ;
288 1428 395 1469 quaeque
404 1414 455 1468 ipse
465 1413 600 1461 miserrima
609 1413 658 1460 vidi

57 1482 83 1529 et
92 1496 194 1536 querum
204 1497 261 1537 pars
271 1498 360 1538 magna
368 1482 412 1529 fui.
444 1483 502 1538 Quis
512 1482 573 1529 talia
582 1482 656 1529 fando
688 1522 693 1532 .

56 1549 237 1606 Myrmidonum
247 1549 398 1605 Dolopumve
407 1552 451 1597 aut
461 1551 516 1598 duri
526 1551 593 1597 miles
603 1551 670 1598 Ulixi

56 1619 177 1673 temperet
187 1633 202 1664 a
211 1617 334 1665 lacrimis?
347 1621 372 1666 et
382 1619 430 1666 iam
441 1635 489 1666 nox
498 1620 581 1666 umida
591 1620 656 1666 caelo

57 1686 202 1743 praecipitat
212 1686 360 1742 suadentque
370 1687 482 1734 cadentia
491 1687 570 1735 sidera
579 1701 683 1734 somnos.

22 1778 47 1804 ιο
58 1755 106 1802 Sed
115 1755 136 1801 si
145 1756 230 1801 tantus
240 1770 308 1802 amor
317 1770 386 1802 emus
396 1770 538 1813 cognoscere
547 1756 644 1802 nostros

57 1825 83 1871 et
92 1823 199 1870 breviter
208 1822 295 1869 Troiae
304 1838 443 1878 supremum
453 1824 537 1870 andire
547 1823 662 1878 laborem,

56 1906 202 1947 quamquam
217 1891 313 1937 animus
326 1891 461 1938 meminisse
472 1891 555 1938 horret
569 1891 684 1946 luctuque
698 1903 735 1936 re·

114 1959 187 2016 fugit,

57 2027 178 2084 incipiam.
209 2027 293 2074 Fracti
302 2027 365 2075 bello
374 2028 478 2083 fatisque
488 2026 579 2083 repulsi

58 2097 169 2143 ductores
180 2095 302 2151 Danaum,
313 2096 408 2143 tetiam
419 2095 554 2142 labentibus
564 2093 642 2148 annis,

57 2165 136 2211 instar
146 2163 234 2210 montis
244 2179 330 2219 equum
342 2164 422 2210 divina
427 2163 533 2209 Palladis
544 2163 596 2208 arte

57 2231 187 2279 aedificant
196 2233 308 2286 sectaque
317 2231 430 2278 intexunt
440 2231 518 2277 abiete
528 2230 607 2277 costas
617 2248 622 2275 :

58 2302 142 2348 votum
153 2314 196 2354 pro
206 2300 287 2346 reditu
296 2299 421 2355 simulant,
431 2314 461 2346 ea
470 2298 537 2344 fama
546 2299 659 2353 vagatur.

58 2370 115 2415 Huc
125 2367 220 2415 delecta
228 2367 307 2413 virum
317 2367 398 2414 sortiti
407 2381 508 2421 corpora
515 2365 603 2411 furtim

106 2436 115 2485 <
126 2436 178 2485 137)
380 2445 413 2483 123
