<?xml version="1.0" encoding="UTF-8"?>
<!DOCTYPE html PUBLIC "-//W3C//DTD XHTML 1.0 Transitional//EN"
    "http://www.w3.org/TR/xhtml1/DTD/xhtml1-transitional.dtd">
<html xmlns="http://www.w3.org/1999/xhtml" xml:lang="en" lang="en">
 <head>
  <title>
</title>
<meta http-equiv="Content-Type" content="text/html;charset=utf-8" />
  <meta name='ocr-system' content='tesseract 3.04.00' />
  <meta name='ocr-capabilities' content='ocr_page ocr_carea ocr_par ocr_line ocrx_word'/>
</head>
<body>
  <div class='ocr_page' id='page_1' title='image "./pvergilimaronis07virggoog_0244.png"; bbox 0 0 1972 3164; ppageno 0'>
   <div class='ocr_carea' id='block_1_1' title="bbox 434 167 590 208">
    <p class='ocr_par' dir='ltr' id='par_1_1' title="bbox 434 167 590 208">
     <span class='ocr_line' id='line_1_1' title="bbox 434 167 590 208; baseline 0 -1"><span class='ocrx_word' id='word_1_1' title='bbox 434 167 545 208; x_wconf 78' lang='lat' dir='ltr'>AENEIS.</span> <span class='ocrx_word' id='word_1_2' title='bbox 569 167 590 207; x_wconf 90' lang='lat' dir='ltr'><strong>V</strong></span> 
     </span>
    </p>
   </div>
   <div class='ocr_carea' id='block_1_2' title="bbox 122 261 882 2232">
    <p class='ocr_par' dir='ltr' id='par_1_2' title="bbox 174 261 779 320">
     <span class='ocr_line' id='line_1_2' title="bbox 174 261 779 320; baseline 0.003 -10"><span class='ocrx_word' id='word_1_3' title='bbox 174 261 181 284; x_wconf 88' lang='lat'>‘</span> <span class='ocrx_word' id='word_1_4' title='bbox 190 263 291 311; x_wconf 85' lang='lat' dir='ltr'><strong>Iunonis</strong></span> <span class='ocrx_word' id='word_1_5' title='bbox 299 263 380 320; x_wconf 72' lang='lat' dir='ltr'><strong>gravis</strong></span> <span class='ocrx_word' id='word_1_6' title='bbox 389 264 427 310; x_wconf 88' lang='lat' dir='ltr'><strong>ira</strong></span> <span class='ocrx_word' id='word_1_7' title='bbox 435 279 513 320; x_wconf 89' lang='lat' dir='ltr'><strong>neque</strong></span> <span class='ocrx_word' id='word_1_8' title='bbox 522 264 685 312; x_wconf 81' lang='lat' dir='ltr'><strong>exsalurabile</strong></span> <span class='ocrx_word' id='word_1_9' title='bbox 694 266 779 320; x_wconf 74' lang='lat' dir='ltr'><strong>peetus</strong></span> 
     </span>
    </p>

    <p class='ocr_par' dir='ltr' id='par_1_3' title="bbox 172 330 834 458">
     <span class='ocr_line' id='line_1_3' title="bbox 172 330 834 390; baseline 0.003 -12"><span class='ocrx_word' id='word_1_10' title='bbox 172 332 263 388; x_wconf 77' lang='lat' dir='ltr'><strong>oognnl</strong></span> <span class='ocrx_word' id='word_1_11' title='bbox 273 345 319 388; x_wconf 91' lang='lat' dir='ltr'><strong>me,</strong></span> <span class='ocrx_word' id='word_1_12' title='bbox 330 330 452 388; x_wconf 72' lang='lat' dir='ltr'><strong>Neptune,</strong></span> <span class='ocrx_word' id='word_1_13' title='bbox 462 347 545 387; x_wconf 88' lang='lat' dir='ltr'><strong>preoes</strong></span> <span class='ocrx_word' id='word_1_14' title='bbox 555 331 697 380; x_wconf 78' lang='lat' dir='ltr'><strong>descendam</strong></span> <span class='ocrx_word' id='word_1_15' title='bbox 706 333 733 379; x_wconf 89' lang='lat' dir='ltr'><strong>in</strong></span> <span class='ocrx_word' id='word_1_16' title='bbox 742 347 834 390; x_wconf 87' lang='lat' dir='ltr'><strong>omnes,</strong></span> 
     </span>
     <span class='ocr_line' id='line_1_4' title="bbox 172 399 760 458; baseline 0.003 -13"><span class='ocrx_word' id='word_1_17' title='bbox 172 414 246 454; x_wconf 90' lang='lat' dir='ltr'><strong>qnam</strong></span> <span class='ocrx_word' id='word_1_18' title='bbox 255 413 300 446; x_wconf 91' lang='lat' dir='ltr'><strong>neo</strong></span> <span class='ocrx_word' id='word_1_19' title='bbox 309 399 382 456; x_wconf 76' lang='lat' dir='ltr'><strong>longa</strong></span> <span class='ocrx_word' id='word_1_20' title='bbox 391 399 441 446; x_wconf 85' lang='lat' dir='ltr'><strong>dies</strong></span> <span class='ocrx_word' id='word_1_21' title='bbox 451 400 528 455; x_wconf 77' lang='lat' dir='ltr'><strong>pietas</strong></span> <span class='ocrx_word' id='word_1_22' title='bbox 539 414 583 447; x_wconf 90' lang='lat' dir='ltr'><strong>neo</strong></span> <span class='ocrx_word' id='word_1_23' title='bbox 593 399 691 457; x_wconf 72' lang='lat' dir='ltr'><strong>mitigat</strong></span> <span class='ocrx_word' id='word_1_24' title='bbox 701 401 760 458; x_wconf 91' lang='lat' dir='ltr'><strong>ulla,</strong></span> 
     </span>
    </p>

    <p class='ocr_par' dir='ltr' id='par_1_4' title="bbox 171 467 751 524">
     <span class='ocr_line' id='line_1_5' title="bbox 171 467 751 524; baseline 0.003 -10"><span class='ocrx_word' id='word_1_25' title='bbox 171 482 217 515; x_wconf 88' lang='lat' dir='ltr'><strong>neo</strong></span> <span class='ocrx_word' id='word_1_26' title='bbox 227 467 292 514; x_wconf 85' lang='lat' dir='ltr'><strong>Iovis</strong></span> <span class='ocrx_word' id='word_1_27' title='bbox 301 467 402 524; x_wconf 88' lang='lat' dir='ltr'><strong>imperio</strong></span> <span class='ocrx_word' id='word_1_28' title='bbox 410 468 515 524; x_wconf 71' lang='lat' dir='ltr'><strong>fatisque</strong></span> <span class='ocrx_word' id='word_1_29' title='bbox 524 468 633 515; x_wconf 76' lang='lat' dir='ltr'><strong>infracta</strong></span> <span class='ocrx_word' id='word_1_30' title='bbox 642 468 751 524; x_wconf 73' lang='lat' dir='ltr'><strong>quiescis.</strong></span> 
     </span>
    </p>

    <p class='ocr_par' dir='ltr' id='par_1_5' title="bbox 170 535 882 797">
     <span class='ocr_line' id='line_1_6' title="bbox 172 535 811 593; baseline 0.005 -11"><span class='ocrx_word' id='word_1_31' title='bbox 172 535 231 583; x_wconf 87' lang='lat' dir='ltr'><strong>Non</strong></span> <span class='ocrx_word' id='word_1_32' title='bbox 240 535 319 583; x_wconf 82' lang='lat' dir='ltr'><strong>media</strong></span> <span class='ocrx_word' id='word_1_33' title='bbox 327 535 357 583; x_wconf 83' lang='lat' dir='ltr'><strong>de</strong></span> <span class='ocrx_word' id='word_1_34' title='bbox 366 537 439 593; x_wconf 75' lang='lat' dir='ltr'><strong>gente</strong></span> <span class='ocrx_word' id='word_1_35' title='bbox 448 536 574 593; x_wconf 74' lang='lat' dir='ltr'><strong>Phrygum</strong></span> <span class='ocrx_word' id='word_1_36' title='bbox 584 537 691 584; x_wconf 77' lang='lat' dir='ltr'>exedisse</span> <span class='ocrx_word' id='word_1_37' title='bbox 699 538 811 586; x_wconf 76' lang='lat' dir='ltr'><strong>nefandis</strong></span> 
     </span>
     <span class='ocr_line' id='line_1_7' title="bbox 171 603 852 662; baseline 0.007 -11"><span class='ocrx_word' id='word_1_38' title='bbox 171 603 258 652; x_wconf 86' lang='lat' dir='ltr'><strong>urbem</strong></span> <span class='ocrx_word' id='word_1_39' title='bbox 267 603 328 651; x_wconf 86' lang='lat' dir='ltr'><strong>odiis</strong></span> <span class='ocrx_word' id='word_1_40' title='bbox 338 604 398 652; x_wconf 77' lang='lat' dir='ltr'><strong>satis</strong></span> <span class='ocrx_word' id='word_1_41' title='bbox 407 606 445 652; x_wconf 73' lang='lat' dir='ltr'><strong>esi</strong></span> <span class='ocrx_word' id='word_1_42' title='bbox 452 620 497 652; x_wconf 89' lang='lat' dir='ltr'><strong>neo</strong></span> <span class='ocrx_word' id='word_1_43' title='bbox 503 620 604 662; x_wconf 86' lang='lat' dir='ltr'><strong>poenam</strong></span> <span class='ocrx_word' id='word_1_44' title='bbox 614 607 685 654; x_wconf 80' lang='lat' dir='ltr'><strong>lraxe</strong></span> <span class='ocrx_word' id='word_1_45' title='bbox 693 623 837 662; x_wconf 80' lang='lat' dir='ltr'><strong>peromnem</strong></span> <span class='ocrx_word' id='word_1_46' title='bbox 846 626 852 656; x_wconf 87' lang='lat'><em>=</em></span> 
     </span>
     <span class='ocr_line' id='line_1_8' title="bbox 170 671 882 731; baseline 0.006 -12"><span class='ocrx_word' id='word_1_47' title='bbox 170 671 285 728; x_wconf 86' lang='lat' dir='ltr'><strong>reliquias</strong></span> <span class='ocrx_word' id='word_1_48' title='bbox 295 671 390 729; x_wconf 81' lang='lat' dir='ltr'><strong>&#39;I&#39;r0iae‚</strong></span> <span class='ocrx_word' id='word_1_49' title='bbox 401 671 493 719; x_wconf 87' lang='lat' dir='ltr'><strong>cineres</strong></span> <span class='ocrx_word' id='word_1_50' title='bbox 503 674 576 728; x_wconf 78' lang='lat' dir='ltr'><strong>alque</strong></span> <span class='ocrx_word' id='word_1_51' title='bbox 585 688 640 720; x_wconf 84' lang='lat' dir='ltr'><strong>osea</strong></span> <span class='ocrx_word' id='word_1_52' title='bbox 648 677 789 731; x_wconf 73' lang='lat' dir='ltr'><strong>peremptae</strong></span> <span class='ocrx_word' id='word_1_53' title='bbox 880 695 882 699; x_wconf 47' lang='lat'><strong>¹</strong></span> 
     </span>
     <span class='ocr_line' id='line_1_9' title="bbox 170 739 738 797; baseline 0.009 -11"><span class='ocrx_word' id='word_1_54' title='bbox 170 739 316 797; x_wconf 74' lang='lat' dir='ltr'><strong>insequitur.</strong></span> <span class='ocrx_word' id='word_1_55' title='bbox 343 740 435 788; x_wconf 79' lang='lat' dir='ltr'><strong>Causas</strong></span> <span class='ocrx_word' id='word_1_56' title='bbox 444 740 509 787; x_wconf 73' lang='lat' dir='ltr'><strong>tanti</strong></span> <span class='ocrx_word' id='word_1_57' title='bbox 518 740 579 788; x_wconf 78' lang='lat' dir='ltr'><strong>soial</strong></span> <span class='ocrx_word' id='word_1_58' title='bbox 588 741 631 788; x_wconf 88' lang='lat' dir='ltr'><strong>illa</strong></span> <span class='ocrx_word' id='word_1_59' title='bbox 639 741 738 791; x_wconf 79' lang='lat' dir='ltr'><strong>furoris.</strong></span> 
     </span>
    </p>

    <p class='ocr_par' dir='ltr' id='par_1_6' title="bbox 172 808 724 865">
     <span class='ocr_line' id='line_1_10' title="bbox 172 808 724 865; baseline 0.002 -8"><span class='ocrx_word' id='word_1_60' title='bbox 172 809 230 865; x_wconf 88' lang='lat' dir='ltr'><strong>Ipse</strong></span> <span class='ocrx_word' id='word_1_61' title='bbox 239 808 299 856; x_wconf 88' lang='lat' dir='ltr'><strong>mihi</strong></span> <span class='ocrx_word' id='word_1_62' title='bbox 307 823 387 864; x_wconf 84' lang='lat' dir='ltr'><strong>nuper</strong></span> <span class='ocrx_word' id='word_1_63' title='bbox 396 808 490 865; x_wconf 76' lang='lat' dir='ltr'><strong>Libyeis</strong></span> <span class='ocrx_word' id='word_1_64' title='bbox 499 811 530 857; x_wconf 73' lang='grc'><strong>10</strong></span> <span class='ocrx_word' id='word_1_65' title='bbox 538 809 608 856; x_wconf 78' lang='lat' dir='ltr'><strong>leelis</strong></span> <span class='ocrx_word' id='word_1_66' title='bbox 617 809 643 856; x_wconf 90' lang='lat' dir='ltr'><strong>in</strong></span> <span class='ocrx_word' id='word_1_67' title='bbox 652 811 724 858; x_wconf 82' lang='lat' dir='ltr'><strong>undis</strong></span> 
     </span>
    </p>

    <p class='ocr_par' dir='ltr' id='par_1_7' title="bbox 122 876 811 1072">
     <span class='ocr_line' id='line_1_11' title="bbox 122 876 811 934; baseline 0.006 -12"><span class='ocrx_word' id='word_1_68' title='bbox 122 893 162 934; x_wconf 82' lang='lat'><strong>790</strong></span> <span class='ocrx_word' id='word_1_69' title='bbox 171 891 245 934; x_wconf 85' lang='lat' dir='ltr'><strong>quam</strong></span> <span class='ocrx_word' id='word_1_70' title='bbox 255 876 343 924; x_wconf 90' lang='lat' dir='ltr'><strong>molem</strong></span> <span class='ocrx_word' id='word_1_71' title='bbox 353 876 433 923; x_wconf 79' lang='lat' dir='ltr'><strong>subito</strong></span> <span class='ocrx_word' id='word_1_72' title='bbox 442 876 554 924; x_wconf 69' lang='lat' dir='ltr'><strong>excierit:</strong></span> <span class='ocrx_word' id='word_1_73' title='bbox 569 877 646 924; x_wconf 89' lang='lat' dir='ltr'><strong>maria</strong></span> <span class='ocrx_word' id='word_1_74' title='bbox 655 878 736 925; x_wconf 87' lang='lat' dir='ltr'><strong>omnia</strong></span> <span class='ocrx_word' id='word_1_75' title='bbox 745 878 811 926; x_wconf 86' lang='lat' dir='ltr'><strong>eaelo</strong></span> 
     </span>
     <span class='ocr_line' id='line_1_12' title="bbox 171 943 736 1005; baseline 0.002 -12"><span class='ocrx_word' id='word_1_76' title='bbox 171 943 279 1002; x_wconf 81' lang='lat' dir='ltr'><strong>miseuil,</strong></span> <span class='ocrx_word' id='word_1_77' title='bbox 288 943 379 992; x_wconf 85' lang='lat' dir='ltr'><strong>Aeoliis</strong></span> <span class='ocrx_word' id='word_1_78' title='bbox 388 944 533 1001; x_wconf 74' lang='lat' dir='ltr'><strong>nequiquam</strong></span> <span class='ocrx_word' id='word_1_79' title='bbox 542 945 607 992; x_wconf 69' lang='lat' dir='ltr'><strong>freta</strong></span> <span class='ocrx_word' id='word_1_80' title='bbox 616 947 736 1005; x_wconf 71' lang='lat' dir='ltr'><strong>propellis,</strong></span> 
     </span>
     <span class='ocr_line' id='line_1_13' title="bbox 171 1013 483 1072; baseline -0.003 -11"><span class='ocrx_word' id='word_1_81' title='bbox 171 1013 198 1060; x_wconf 91' lang='lat' dir='ltr'><strong>in</strong></span> <span class='ocrx_word' id='word_1_82' title='bbox 207 1013 289 1072; x_wconf 69' lang='lat' dir='ltr'><strong>regnis</strong></span> <span class='ocrx_word' id='word_1_83' title='bbox 299 1013 344 1061; x_wconf 88' lang='lat' dir='ltr'><strong>hoo</strong></span> <span class='ocrx_word' id='word_1_84' title='bbox 353 1028 414 1060; x_wconf 87' lang='lat' dir='ltr'><strong>ausa</strong></span> <span class='ocrx_word' id='word_1_85' title='bbox 425 1013 483 1060; x_wconf 69' lang='lat' dir='ltr'><strong>luis.</strong></span> 
     </span>
    </p>

    <p class='ocr_par' dir='ltr' id='par_1_8' title="bbox 172 1080 776 1131">
     <span class='ocr_line' id='line_1_14' title="bbox 172 1080 776 1131; baseline 0.005 -3"><span class='ocrx_word' id='word_1_86' title='bbox 172 1082 221 1129; x_wconf 89' lang='lat' dir='ltr'><strong>Per</strong></span> <span class='ocrx_word' id='word_1_87' title='bbox 230 1080 308 1129; x_wconf 84' lang='lat' dir='ltr'><strong>seelus</strong></span> <span class='ocrx_word' id='word_1_88' title='bbox 317 1097 372 1129; x_wconf 86' lang='lat' dir='ltr'><strong>ecoe</strong></span> <span class='ocrx_word' id='word_1_89' title='bbox 381 1081 456 1129; x_wconf 79' lang='lat' dir='ltr'><strong>eliam</strong></span> <span class='ocrx_word' id='word_1_90' title='bbox 466 1081 576 1129; x_wconf 74' lang='lat' dir='ltr'><strong>Troianis</strong></span> <span class='ocrx_word' id='word_1_91' title='bbox 585 1083 704 1131; x_wconf 78' lang='lat' dir='ltr'><strong>malribus</strong></span> <span class='ocrx_word' id='word_1_92' title='bbox 713 1083 776 1131; x_wconf 79' lang='lat' dir='ltr'><strong>uelis</strong></span> 
     </span>
    </p>

    <p class='ocr_par' dir='ltr' id='par_1_9' title="bbox 172 1150 679 1210">
     <span class='ocr_line' id='line_1_15' title="bbox 172 1150 679 1210; baseline 0.002 -13"><span class='ocrx_word' id='word_1_93' title='bbox 172 1150 264 1198; x_wconf 77' lang='lat' dir='ltr'><strong>exussil</strong></span> <span class='ocrx_word' id='word_1_94' title='bbox 274 1150 343 1198; x_wconf 77' lang='lat' dir='ltr'><strong>foede</strong></span> <span class='ocrx_word' id='word_1_95' title='bbox 352 1165 453 1208; x_wconf 88' lang='lat' dir='ltr'><strong>puppes,</strong></span> <span class='ocrx_word' id='word_1_96' title='bbox 463 1153 489 1198; x_wconf 85' lang='grc'><strong>01</strong></span> <span class='ocrx_word' id='word_1_97' title='bbox 497 1151 573 1198; x_wconf 80' lang='lat' dir='ltr'><strong>elaeae</strong></span> <span class='ocrx_word' id='word_1_98' title='bbox 583 1151 679 1210; x_wconf 69' lang='lat' dir='ltr'><strong>subegit</strong></span> 
     </span>
    </p>

    <p class='ocr_par' dir='ltr' id='par_1_10' title="bbox 172 1218 666 1276">
     <span class='ocr_line' id='line_1_16' title="bbox 172 1218 666 1276; baseline 0.002 -10"><span class='ocrx_word' id='word_1_99' title='bbox 172 1218 261 1266; x_wconf 87' lang='lat' dir='ltr'><strong>amissa</strong></span> <span class='ocrx_word' id='word_1_100' title='bbox 270 1219 345 1266; x_wconf 80' lang='lat' dir='ltr'><strong>socios</strong></span> <span class='ocrx_word' id='word_1_101' title='bbox 354 1219 451 1276; x_wconf 72' lang='lat' dir='ltr'><strong>ignotae</strong></span> <span class='ocrx_word' id='word_1_102' title='bbox 460 1219 567 1275; x_wconf 86' lang='lat' dir='ltr'><strong>linquere</strong></span> <span class='ocrx_word' id='word_1_103' title='bbox 577 1221 666 1267; x_wconf 68' lang='lat' dir='ltr'><strong>serrae.</strong></span> 
     </span>
    </p>

    <p class='ocr_par' dir='ltr' id='par_1_11' title="bbox 173 1287 771 1344">
     <span class='ocr_line' id='line_1_17' title="bbox 173 1287 771 1344; baseline 0 -10"><span class='ocrx_word' id='word_1_104' title='bbox 173 1287 244 1344; x_wconf 79' lang='lat' dir='ltr'><strong>Quod</strong></span> <span class='ocrx_word' id='word_1_105' title='bbox 253 1289 364 1343; x_wconf 70' lang='lat' dir='ltr'><strong>superest</strong></span> <span class='ocrx_word' id='word_1_106' title='bbox 372 1302 416 1335; x_wconf 89' lang='lat' dir='ltr'><strong>oro</strong></span> <span class='ocrx_word' id='word_1_107' title='bbox 426 1287 498 1335; x_wconf 83' lang='lat' dir='ltr'><strong>lioeal</strong></span> <span class='ocrx_word' id='word_1_108' title='bbox 508 1287 566 1335; x_wconf 82' lang='lat' dir='ltr'><strong>dare</strong></span> <span class='ocrx_word' id='word_1_109' title='bbox 576 1289 633 1334; x_wconf 74' lang='lat' dir='ltr'><strong>tuta</strong></span> <span class='ocrx_word' id='word_1_110' title='bbox 640 1302 684 1342; x_wconf 88' lang='lat' dir='ltr'><strong>per</strong></span> <span class='ocrx_word' id='word_1_111' title='bbox 692 1287 771 1334; x_wconf 87' lang='lat' dir='ltr'><strong>undas</strong></span> 
     </span>
    </p>

    <p class='ocr_par' dir='ltr' id='par_1_12' title="bbox 172 1354 879 1482">
     <span class='ocr_line' id='line_1_18' title="bbox 172 1354 879 1413; baseline -0.003 -11"><span class='ocrx_word' id='word_1_112' title='bbox 172 1355 228 1402; x_wconf 82' lang='lat' dir='ltr'><strong>vela</strong></span> <span class='ocrx_word' id='word_1_113' title='bbox 236 1354 290 1412; x_wconf 75' lang='lat' dir='ltr'><strong>libi,</strong></span> <span class='ocrx_word' id='word_1_114' title='bbox 300 1354 372 1403; x_wconf 79' lang='lat' dir='ltr'><strong>lioeal</strong></span> <span class='ocrx_word' id='word_1_115' title='bbox 381 1356 529 1404; x_wconf 74' lang='lat' dir='ltr'><strong>Iaurenlem</strong></span> <span class='ocrx_word' id='word_1_116' title='bbox 539 1355 663 1413; x_wconf 68' lang='lat' dir='ltr'><strong>attingere</strong></span> <span class='ocrx_word' id='word_1_117' title='bbox 673 1354 801 1413; x_wconf 75' lang='lat' dir='ltr'><strong>Thybrim,</strong></span> <span class='ocrx_word' id='word_1_118' title='bbox 876 1383 879 1385; x_wconf 20' lang='grc' dir='ltr'><strong>Δ</strong></span> 
     </span>
     <span class='ocr_line' id='line_1_19' title="bbox 172 1423 752 1482; baseline -0.003 -11"><span class='ocrx_word' id='word_1_119' title='bbox 172 1423 194 1470; x_wconf 86' lang='lat' dir='ltr'><strong>si</strong></span> <span class='ocrx_word' id='word_1_120' title='bbox 203 1439 317 1471; x_wconf 87' lang='lat' dir='ltr'><strong>oonoessa</strong></span> <span class='ocrx_word' id='word_1_121' title='bbox 325 1425 389 1482; x_wconf 76' lang='lat' dir='ltr'><strong>peto,</strong></span> <span class='ocrx_word' id='word_1_122' title='bbox 400 1423 421 1471; x_wconf 83' lang='lat' dir='ltr'><strong>ei</strong></span> <span class='ocrx_word' id='word_1_123' title='bbox 431 1424 491 1471; x_wconf 74' lang='lat' dir='ltr'><strong>dant</strong></span> <span class='ocrx_word' id='word_1_124' title='bbox 501 1439 531 1471; x_wconf 88' lang='lat' dir='ltr'><strong>ea</strong></span> <span class='ocrx_word' id='word_1_125' title='bbox 540 1424 634 1470; x_wconf 87' lang='lat' dir='ltr'><strong>moenia</strong></span> <span class='ocrx_word' id='word_1_126' title='bbox 643 1423 752 1471; x_wconf 67' lang='lat' dir='ltr'><strong>Pareae!</strong></span> 
     </span>
    </p>

    <p class='ocr_par' dir='ltr' id='par_1_13' title="bbox 171 1491 799 1541">
     <span class='ocr_line' id='line_1_20' title="bbox 171 1491 799 1541; baseline 0 -1"><span class='ocrx_word' id='word_1_127' title='bbox 171 1491 237 1540; x_wconf 82' lang='lat' dir='ltr'><strong>Tum</strong></span> <span class='ocrx_word' id='word_1_128' title='bbox 248 1491 377 1540; x_wconf 75' lang='lat' dir='ltr'><strong>Saturnius</strong></span> <span class='ocrx_word' id='word_1_129' title='bbox 386 1492 446 1541; x_wconf 85' lang='lat' dir='ltr'><strong>haee</strong></span> <span class='ocrx_word' id='word_1_130' title='bbox 456 1493 561 1540; x_wconf 76' lang='lat' dir='ltr'><strong>domitor</strong></span> <span class='ocrx_word' id='word_1_131' title='bbox 570 1492 644 1539; x_wconf 88' lang='lat' dir='ltr'><strong>maris</strong></span> <span class='ocrx_word' id='word_1_132' title='bbox 654 1491 729 1540; x_wconf 70' lang='lat' dir='ltr'><strong>edidit</strong></span> <span class='ocrx_word' id='word_1_133' title='bbox 738 1491 799 1540; x_wconf 77' lang='lat' dir='ltr'><strong>alli:</strong></span> 
     </span>
    </p>

    <p class='ocr_par' dir='ltr' id='par_1_14' title="bbox 123 1559 855 2232">
     <span class='ocr_line' id='line_1_21' title="bbox 123 1559 806 1619; baseline 0 -10"><span class='ocrx_word' id='word_1_134' title='bbox 123 1569 163 1609; x_wconf 77' lang='lat'><strong>800</strong></span> <span class='ocrx_word' id='word_1_135' title='bbox 172 1559 181 1582; x_wconf 79' lang='lat'>‘</span> <span class='ocrx_word' id='word_1_136' title='bbox 190 1560 240 1607; x_wconf 80' lang='lat' dir='ltr'><strong>Fas</strong></span> <span class='ocrx_word' id='word_1_137' title='bbox 249 1575 320 1609; x_wconf 87' lang='lat' dir='ltr'><strong>omne</strong></span> <span class='ocrx_word' id='word_1_138' title='bbox 330 1563 378 1618; x_wconf 76' lang='lat' dir='ltr'><strong>est,</strong></span> <span class='ocrx_word' id='word_1_139' title='bbox 389 1561 517 1619; x_wconf 62' lang='lat' dir='ltr'><strong>Cytherea,</strong></span> <span class='ocrx_word' id='word_1_140' title='bbox 528 1561 588 1609; x_wconf 89' lang='lat' dir='ltr'><strong>meis</strong></span> <span class='ocrx_word' id='word_1_141' title='bbox 596 1563 622 1608; x_wconf 88' lang='grc'><strong>10</strong></span> <span class='ocrx_word' id='word_1_142' title='bbox 633 1561 706 1609; x_wconf 84' lang='lat' dir='ltr'><strong>fidere</strong></span> <span class='ocrx_word' id='word_1_143' title='bbox 716 1561 806 1619; x_wconf 71' lang='lat' dir='ltr'><strong>regnis,</strong></span> 
     </span>
     <span class='ocr_line' id='line_1_22' title="bbox 171 1629 829 1687; baseline 0 -11"><span class='ocrx_word' id='word_1_144' title='bbox 171 1629 239 1676; x_wconf 81' lang='lat' dir='ltr'><strong>unde</strong></span> <span class='ocrx_word' id='word_1_145' title='bbox 247 1645 323 1687; x_wconf 75' lang='lat' dir='ltr'><strong>genus</strong></span> <span class='ocrx_word' id='word_1_146' title='bbox 332 1629 408 1678; x_wconf 74' lang='lat' dir='ltr'><strong>(lueis.</strong></span> <span class='ocrx_word' id='word_1_147' title='bbox 438 1631 520 1678; x_wconf 87' lang='lat' dir='ltr'><strong>Merui</strong></span> <span class='ocrx_word' id='word_1_148' title='bbox 530 1645 622 1686; x_wconf 87' lang='lat' dir='ltr'><strong>quoque</strong></span> <span class='ocrx_word' id='word_1_149' title='bbox 632 1651 638 1677; x_wconf 73' lang='grc' dir='ltr'>ι</span> <span class='ocrx_word' id='word_1_150' title='bbox 651 1642 723 1685; x_wconf 68' lang='lat' dir='ltr'><strong>saepe</strong></span> <span class='ocrx_word' id='word_1_151' title='bbox 732 1629 829 1677; x_wconf 79' lang='lat' dir='ltr'><strong>furores</strong></span> 
     </span>
     <span class='ocr_line' id='line_1_23' title="bbox 171 1697 804 1755; baseline 0.003 -10"><span class='ocrx_word' id='word_1_152' title='bbox 171 1698 307 1755; x_wconf 74' lang='lat' dir='ltr'><strong>compressi</strong></span> <span class='ocrx_word' id='word_1_153' title='bbox 315 1700 341 1746; x_wconf 81' lang='grc'><strong>01</strong></span> <span class='ocrx_word' id='word_1_154' title='bbox 350 1698 442 1746; x_wconf 79' lang='lat' dir='ltr'><strong>rabiem</strong></span> <span class='ocrx_word' id='word_1_155' title='bbox 452 1700 549 1746; x_wconf 71' lang='lat' dir='ltr'><strong>tantam</strong></span> <span class='ocrx_word' id='word_1_156' title='bbox 559 1698 665 1754; x_wconf 82' lang='lat' dir='ltr'><strong>caelique</strong></span> <span class='ocrx_word' id='word_1_157' title='bbox 675 1697 804 1754; x_wconf 85' lang='lat' dir='ltr'><strong>marisque.</strong></span> 
     </span>
     <span class='ocr_line' id='line_1_24' title="bbox 172 1764 855 1823; baseline -0.003 -10"><span class='ocrx_word' id='word_1_158' title='bbox 172 1765 227 1814; x_wconf 80' lang='lat' dir='ltr'><strong>Neo</strong></span> <span class='ocrx_word' id='word_1_159' title='bbox 236 1765 315 1814; x_wconf 86' lang='lat' dir='ltr'><strong>minor</strong></span> <span class='ocrx_word' id='word_1_160' title='bbox 323 1766 351 1814; x_wconf 88' lang='lat' dir='ltr'><strong>in</strong></span> <span class='ocrx_word' id='word_1_161' title='bbox 361 1767 435 1814; x_wconf 70' lang='lat' dir='ltr'><strong>terris</strong></span> <span class='ocrx_word' id='word_1_162' title='bbox 444 1767 580 1823; x_wconf 76' lang='lat' dir='ltr'><strong>(Xanthum</strong></span> <span class='ocrx_word' id='word_1_163' title='bbox 591 1766 759 1822; x_wconf 72' lang='lat' dir='ltr'><strong>Simoentaque</strong></span> <span class='ocrx_word' id='word_1_164' title='bbox 768 1764 855 1821; x_wconf 74' lang='lat' dir='ltr'><strong>testor)</strong></span> 
     </span>
     <span class='ocr_line' id='line_1_25' title="bbox 171 1834 757 1883; baseline 0.002 -1"><span class='ocrx_word' id='word_1_165' title='bbox 171 1834 271 1882; x_wconf 78' lang='lat' dir='ltr'><strong>Aeneae</strong></span> <span class='ocrx_word' id='word_1_166' title='bbox 280 1834 341 1882; x_wconf 80' lang='lat' dir='ltr'><strong>mihi</strong></span> <span class='ocrx_word' id='word_1_167' title='bbox 350 1850 410 1883; x_wconf 85' lang='lat' dir='ltr'><strong>eura</strong></span> <span class='ocrx_word' id='word_1_168' title='bbox 418 1835 464 1883; x_wconf 75' lang='lat' dir='ltr'><strong>tui.</strong></span> <span class='ocrx_word' id='word_1_169' title='bbox 495 1835 557 1883; x_wconf 80' lang='lat' dir='ltr'><strong>Cum</strong></span> <span class='ocrx_word' id='word_1_170' title='bbox 567 1837 642 1883; x_wconf 85' lang='lat' dir='ltr'><strong>Troia</strong></span> <span class='ocrx_word' id='word_1_171' title='bbox 650 1835 757 1883; x_wconf 84' lang='lat' dir='ltr'><strong>Achilles</strong></span> 
     </span>
     <span class='ocr_line' id='line_1_26' title="bbox 170 1902 782 1961; baseline -0.002 -10"><span class='ocrx_word' id='word_1_172' title='bbox 170 1902 314 1951; x_wconf 73' lang='lat' dir='ltr'><strong>exanimata</strong></span> <span class='ocrx_word' id='word_1_173' title='bbox 321 1916 424 1959; x_wconf 86' lang='lat' dir='ltr'><strong>sequens</strong></span> <span class='ocrx_word' id='word_1_174' title='bbox 432 1903 580 1961; x_wconf 73' lang='lat' dir='ltr'><strong>impingeret</strong></span> <span class='ocrx_word' id='word_1_175' title='bbox 590 1904 688 1961; x_wconf 70' lang='lat' dir='ltr'><strong>agmina</strong></span> <span class='ocrx_word' id='word_1_176' title='bbox 697 1904 782 1961; x_wconf 80' lang='lat' dir='ltr'><strong>muris,</strong></span> 
     </span>
     <span class='ocr_line' id='line_1_27' title="bbox 173 1968 763 2029; baseline -0.002 -10"><span class='ocrx_word' id='word_1_177' title='bbox 173 1971 251 2019; x_wconf 85' lang='lat' dir='ltr'><strong>millia</strong></span> <span class='ocrx_word' id='word_1_178' title='bbox 259 1972 338 2019; x_wconf 77' lang='lat' dir='ltr'><strong>mulla</strong></span> <span class='ocrx_word' id='word_1_179' title='bbox 347 1968 417 2019; x_wconf 73' lang='lat' dir='ltr'><strong>daret</strong></span> <span class='ocrx_word' id='word_1_180' title='bbox 427 1971 485 2029; x_wconf 75' lang='grc'><strong>1010,</strong></span> <span class='ocrx_word' id='word_1_181' title='bbox 495 1974 666 2028; x_wconf 67' lang='grc' dir='ltr'><strong>3011010111οΜ</strong></span> <span class='ocrx_word' id='word_1_182' title='bbox 676 1971 763 2028; x_wconf 71' lang='lat' dir='ltr'><strong>repleti</strong></span> 
     </span>
     <span class='ocr_line' id='line_1_28' title="bbox 172 2038 800 2096; baseline -0.002 -10"><span class='ocrx_word' id='word_1_183' title='bbox 172 2053 265 2096; x_wconf 88' lang='lat' dir='ltr'><strong>amnes,</strong></span> <span class='ocrx_word' id='word_1_184' title='bbox 275 2054 320 2087; x_wconf 90' lang='lat' dir='ltr'><strong>neo</strong></span> <span class='ocrx_word' id='word_1_185' title='bbox 328 2039 435 2095; x_wconf 88' lang='lat' dir='ltr'><strong>reperire</strong></span> <span class='ocrx_word' id='word_1_186' title='bbox 444 2039 508 2086; x_wconf 86' lang='lat' dir='ltr'><strong>viam</strong></span> <span class='ocrx_word' id='word_1_187' title='bbox 518 2041 590 2096; x_wconf 66' lang='grc'><strong>01010</strong></span> <span class='ocrx_word' id='word_1_188' title='bbox 600 2039 710 2087; x_wconf 84' lang='lat' dir='ltr'><strong>evolvere</strong></span> <span class='ocrx_word' id='word_1_189' title='bbox 718 2038 800 2094; x_wconf 78' lang='lat' dir='ltr'><strong>pessel</strong></span> 
     </span>
     <span class='ocr_line' id='line_1_29' title="bbox 172 2103 744 2164; baseline -0.002 -11"><span class='ocrx_word' id='word_1_190' title='bbox 172 2106 199 2153; x_wconf 90' lang='lat' dir='ltr'><strong>in</strong></span> <span class='ocrx_word' id='word_1_191' title='bbox 209 2122 275 2154; x_wconf 89' lang='lat' dir='ltr'><strong>mare</strong></span> <span class='ocrx_word' id='word_1_192' title='bbox 284 2122 309 2154; x_wconf 81' lang='lat' dir='ltr'><strong>ee</strong></span> <span class='ocrx_word' id='word_1_193' title='bbox 319 2108 442 2164; x_wconf 73' lang='lat' dir='ltr'><strong>Xanthus,</strong></span> <span class='ocrx_word' id='word_1_194' title='bbox 453 2107 551 2155; x_wconf 85' lang='lat' dir='ltr'><strong>Pelidae</strong></span> <span class='ocrx_word' id='word_1_195' title='bbox 560 2109 621 2155; x_wconf 70' lang='lat' dir='ltr'><strong>iuno</strong></span> <span class='ocrx_word' id='word_1_196' title='bbox 631 2122 675 2163; x_wconf 79' lang='lat' dir='ltr'><strong>ego</strong></span> <span class='ocrx_word' id='word_1_197' title='bbox 684 2103 744 2153; x_wconf 67' lang='lat' dir='ltr'><strong>forti</strong></span> 
     </span>
     <span class='ocr_line' id='line_1_30' title="bbox 174 2174 784 2232; baseline -0.007 -9"><span class='ocrx_word' id='word_1_198' title='bbox 174 2189 329 2232; x_wconf 75' lang='lat' dir='ltr'><strong>congressum</strong></span> <span class='ocrx_word' id='word_1_199' title='bbox 337 2175 436 2223; x_wconf 81' lang='lat' dir='ltr'><strong>Aenean</strong></span> <span class='ocrx_word' id='word_1_200' title='bbox 446 2192 491 2224; x_wconf 85' lang='lat' dir='ltr'><strong>nee</strong></span> <span class='ocrx_word' id='word_1_201' title='bbox 501 2176 537 2223; x_wconf 84' lang='lat' dir='ltr'><strong>dis</strong></span> <span class='ocrx_word' id='word_1_202' title='bbox 547 2191 591 2223; x_wconf 90' lang='lat' dir='ltr'><strong>neo</strong></span> <span class='ocrx_word' id='word_1_203' title='bbox 601 2175 692 2222; x_wconf 86' lang='lat' dir='ltr'><strong>viribus</strong></span> <span class='ocrx_word' id='word_1_204' title='bbox 702 2174 784 2229; x_wconf 87' lang='lat' dir='ltr'><strong>aequis</strong></span> 
     </span>
    </p>
   </div>
   <div class='ocr_carea' id='block_1_3' title="bbox 127 2241 857 2567">
    <p class='ocr_par' dir='ltr' id='par_1_15' title="bbox 127 2241 857 2505">
     <span class='ocr_line' id='line_1_31' title="bbox 127 2241 825 2301; baseline -0.013 -7"><span class='ocrx_word' id='word_1_205' title='bbox 127 2255 165 2295; x_wconf 76' lang='lat'><strong>810</strong></span> <span class='ocrx_word' id='word_1_206' title='bbox 175 2243 239 2291; x_wconf 86' lang='lat' dir='ltr'><strong>nube</strong></span> <span class='ocrx_word' id='word_1_207' title='bbox 249 2259 309 2291; x_wconf 80' lang='lat' dir='ltr'><strong>aava</strong></span> <span class='ocrx_word' id='word_1_208' title='bbox 316 2243 396 2301; x_wconf 86' lang='lat' dir='ltr'><strong>rapui,</strong></span> <span class='ocrx_word' id='word_1_209' title='bbox 408 2259 518 2300; x_wconf 88' lang='lat' dir='ltr'><strong>euperem</strong></span> <span class='ocrx_word' id='word_1_210' title='bbox 529 2259 584 2291; x_wconf 87' lang='lat' dir='ltr'><strong>oum</strong></span> <span class='ocrx_word' id='word_1_211' title='bbox 593 2245 688 2290; x_wconf 78' lang='lat' dir='ltr'><strong>veriore</strong></span> <span class='ocrx_word' id='word_1_212' title='bbox 698 2241 728 2288; x_wconf 91' lang='lat' dir='ltr'><strong>ab</strong></span> <span class='ocrx_word' id='word_1_213' title='bbox 735 2241 785 2288; x_wconf 91' lang='lat' dir='ltr'><strong>imo</strong></span> <span class='ocrx_word' id='word_1_214' title='bbox 823 2281 825 2285; x_wconf 79' lang='grc'><strong>,</strong></span> 
     </span>
     <span class='ocr_line' id='line_1_32' title="bbox 174 2309 788 2368; baseline -0.003 -10"><span class='ocrx_word' id='word_1_215' title='bbox 174 2313 271 2358; x_wconf 70' lang='lat' dir='ltr'><strong>struola</strong></span> <span class='ocrx_word' id='word_1_216' title='bbox 279 2309 338 2359; x_wconf 83' lang='lat' dir='ltr'><strong>meis</strong></span> <span class='ocrx_word' id='word_1_217' title='bbox 348 2311 458 2359; x_wconf 85' lang='lat' dir='ltr'><strong>manibus</strong></span> <span class='ocrx_word' id='word_1_218' title='bbox 468 2311 579 2368; x_wconf 86' lang='lat' dir='ltr'><strong>periurae</strong></span> <span class='ocrx_word' id='word_1_219' title='bbox 589 2311 683 2357; x_wconf 89' lang='lat' dir='ltr'><strong>moenia</strong></span> <span class='ocrx_word' id='word_1_220' title='bbox 692 2309 788 2356; x_wconf 81' lang='lat' dir='ltr'><strong>Troiae.</strong></span> 
     </span>
     <span class='ocr_line' id='line_1_33' title="bbox 173 2375 857 2437; baseline 0 -11"><span class='ocrx_word' id='word_1_221' title='bbox 173 2375 344 2437; x_wconf 73' lang='lat' dir='ltr'><strong>&#39;Nunequoque</strong></span> <span class='ocrx_word' id='word_1_222' title='bbox 351 2395 417 2427; x_wconf 81' lang='lat' dir='ltr'><strong>mene</strong></span> <span class='ocrx_word' id='word_1_223' title='bbox 421 2381 604 2435; x_wconf 73' lang='lat' dir='ltr'><strong>eademperslal</strong></span> <span class='ocrx_word' id='word_1_224' title='bbox 612 2378 678 2435; x_wconf 91' lang='lat' dir='ltr'><strong>mihi,</strong></span> <span class='ocrx_word' id='word_1_225' title='bbox 685 2377 857 2434; x_wconf 77' lang='lat' dir='ltr'><strong>pelletimores.</strong></span> 
     </span>
     <span class='ocr_line' id='line_1_34' title="bbox 172 2445 716 2505; baseline -0.002 -10"><span class='ocrx_word' id='word_1_226' title='bbox 172 2445 258 2495; x_wconf 76' lang='lat' dir='ltr'><strong>Tutus</strong></span> <span class='ocrx_word' id='word_1_227' title='bbox 265 2464 324 2504; x_wconf 89' lang='lat' dir='ltr'><strong>quos</strong></span> <span class='ocrx_word' id='word_1_228' title='bbox 333 2450 404 2505; x_wconf 76' lang='lat' dir='ltr'><strong>optas</strong></span> <span class='ocrx_word' id='word_1_229' title='bbox 414 2450 499 2504; x_wconf 76' lang='lat' dir='ltr'><strong>portus</strong></span> <span class='ocrx_word' id='word_1_230' title='bbox 509 2447 607 2496; x_wconf 72' lang='lat' dir='ltr'><strong>aecedelz</strong></span> <span class='ocrx_word' id='word_1_231' title='bbox 616 2445 716 2494; x_wconf 83' lang='lat' dir='ltr'><strong>Averni.</strong></span> 
     </span>
    </p>

    <p class='ocr_par' dir='ltr' id='par_1_16' title="bbox 223 2517 294 2567">
     <span class='ocr_line' id='line_1_35' title="bbox 223 2517 294 2567; baseline 0 -1"><span class='ocrx_word' id='word_1_232' title='bbox 223 2517 294 2567; x_wconf 68' lang='lat' dir='ltr'><strong>(ess)</strong></span> 
     </span>
    </p>
   </div>
   <div class='ocr_carea' id='block_1_4' title="bbox 0 0 990 3164">
    <p class='ocr_par' dir='ltr' id='par_1_17' title="bbox 0 0 990 3164">
     <span class='ocr_line' id='line_1_36' title="bbox 0 0 990 3164; baseline 0 0"><span class='ocrx_word' id='word_1_233' title='bbox 0 0 990 3164; x_wconf 95' lang='lat' dir='ltr'><strong> </strong></span> 
     </span>
    </p>
   </div>
  </div>
 </body>
</html>
