1972 3164
314 165 424 207 Annum.
449 167 482 207 VI

58 258 130 307 intr*
139 260 208 306 teoto
215 261 288 307 vocat
296 261 435 310 Menelaum
445 264 470 309 et
480 262 564 311 limina
572 266 666 324 pandit,

58 326 154 376 scilieet
162 327 188 374 id
197 342 312 386 magnum
323 344 423 386 sperans
432 329 484 377 iore
494 347 583 379 munus
592 335 694 393 amanti,

59 396 87 443 et
96 394 189 442 famum
198 395 320 454 exstingui
328 400 440 445 veterum
447 399 482 446 sic
492 414 561 455 posse
570 402 708 451 malorum.‘

60 463 127 521 Quid
141 466 238 512 moror?
256 464 401 523 Inumpunt
413 467 530 526 thalamo,
546 484 625 517 eomes
639 471 736 520 additus

118 549 169 581 una

59 600 175 649 hortator
184 602 301 651 scelerum
310 604 429 652 Aeolides.
459 606 500 663 Di,
511 606 572 653 talia
582 607 662 656 Graiis

9 688 49 728 5³0
60 669 206 729 instaurate,
216 672 256 729 pio
266 672 384 729 sipoenas
395 689 435 722 ore
445 691 553 730 reposco.

62 738 111 786 Sed
120 740 146 786 te
156 741 197 796 qui
205 741 287 788 vivum
298 756 375 798 casus,
386 758 431 799 nge
440 743 493 790 iure
502 743 616 803 vicissim,

61 807 199 856 attulerint.
229 809 344 867 Pelagine
353 810 421 857 venis
431 811 552 859 erroribus
562 815 632 860 actus

61 890 95 922 an
105 875 198 922 monitu
207 877 306 924 dirum?
319 893 351 925 an
361 893 422 933 quae
431 880 456 925 te
467 879 578 927 Fortuna
586 880 688 938 fatiget,

62 944 92 990 ut
101 944 185 991 tristes
194 945 245 992 siue
255 945 304 993 sole
314 947 404 1004 domos,
414 946 468 994 loca
477 948 584 1006 turbida,
595 950 673 996 adires
679 949 704 997 θ’

62 1011 119 1059 Hac
128 1012 179 1060 rice
189 1028 326 1061 sermonum
335 1013 409 1061 roseis
418 1014 516 1062 Aurora
524 1017 646 1074 quadrigis

62 1079 112 1127 ium
122 1081 227 1129 medium
236 1082 345 1130 notherio
354 1098 428 1130 cursu
436 1084 566 1132 traiecerat
577 1101 657 1132 exem.

63 1148 100 1195 Et
108 1149 159 1196 fors
168 1165 238 1198 omne
248 1151 333 1198 datum
342 1151 469 1200 traherent
479 1169 523 1208 per
531 1153 592 1200 teliu
602 1155 708 1209 tempus,

63 1217 106 1264 sed
116 1232 194 1264 comes
204 1219 328 1267 admonuit
336 1219 488 1276 breviterque
498 1221 575 1268 effata
585 1221 676 1276 Sibylla
685 1222 737 1270 est:

64 1285 138 1334 ‘Nox
146 1286 205 1344 ruit,
215 1287 313 1344 Aenea;
328 1303 371 1335 nos
381 1287 459 1335 flendo
469 1289 578 1336 ducimus
588 1289 669 1336 horas.

10 1371 54 1411 540
64 1355 113 1402 Hic
123 1355 189 1403 locus
199 1357 245 1413 est,
255 1357 338 1412 partes
348 1356 390 1402 ubi
397 1372 422 1404 se
432 1357 472 1402 vie
482 1357 552 1403 findit
561 1356 587 1403 in
596 1356 680 1403 ambas
690 1376 696 1405 ε

64 1423 165 1471 dexteru
174 1439 234 1480 quae
243 1424 308 1470 Ditis
318 1424 401 1481 magni
410 1426 455 1471 sub
465 1425 558 1472 moenia
566 1423 653 1481 tendit,

62 1489 109 1536 huo
118 1488 167 1536 iter
175 1488 285 1545 Elysium
293 1488 377 1546 nobis,
372 1507 377 1519 ·
392 1492 418 1536 at
428 1489 497 1537 laeve
507 1488 626 1536 mulorum

64 1559 160 1605 exercet
169 1572 257 1613 poenas
266 1559 290 1605 et
300 1557 348 1604 ad
341 1558 416 1613 nupia
425 1559 531 1605 Tartara
540 1558 605 1605 mitti
598 1557 634 1605 t.'

63 1625 204 1682 Deiphobus
214 1625 317 1673 contra‘
326 1626 364 1674 No
374 1627 447 1684 saevi,
458 1643 548 1684 magna
557 1626 682 1674 sacerdos.

64 1693 192 1751 discedam,
203 1693 302 1750 explebo
310 1709 438 1741 numerum
447 1695 580 1751 reddarque
590 1693 703 1742 tenebris.

64 1762 79 1809 1
88 1761 186 1819 decus
179 1778 195 1819 1,
205 1763 332 1809 nostrum.
347 1762 483 1809 melioribus
493 1766 562 1810 utere
571 1763 647 1810 iatis’

64 1798 173 1876 Tantuui
182 1830 280 1887 effatus,
290 1830 331 1876 et
324 1845 350 1876 ιιι
360 1830 433 1878 verbo
442 1832 545 1889 vestigia
554 1832 634 1879 torsit.

94 1898 202 1954 Respicit
211 1898 307 1945 Aeneas
317 1898 431 1945 subitost
441 1899 485 1947 sub
495 1916 555 1956 rupe
565 1900 664 1946 sinistra

65 1967 160 2014 moenia
168 1967 221 2014 latu
229 1966 303 2022 ridet,
313 1965 403 2021 triplici
413 1968 563 2015 circumdata
572 1983 649 2024 muro,

14 2049 54 2087 550
65 2050 127 2091 quae
136 2035 234 2090 rapidus
243 2034 347 2081 flammis
357 2035 434 2081 ambit
443 2036 594 2083 torrentibus
604 2036 691 2091 amnis,

66 2105 197 2151 Tartareus
208 2101 367 2158 Phlegethon,
377 2105 520 2159 torquetque
531 2103 643 2150 sonantia
657 2118 725 2150 saxa.

65 2173 142 2219 Porta
155 2172 257 2219 adversa
268 2170 362 2227 ingens,
373 2172 494 2227 solidoque
507 2172 637 2219 momente
651 2171 740 2218 colum·

121 2255 175 2297 nae,

64 2308 102 2355 ris
111 2308 218 2355 utnulla
227 2309 314 2366 virum,
324 2325 373 2356 non
382 2308 430 2364 ipsi
439 2308 577 2356 exscindere
586 2307 649 2354 bello

63 2375 191 2424 caelicolae
200 2376 312 2433 valcant;
328 2378 378 2424 stat
387 2377 467 2423 ferrea
475 2376 551 2422 turris
561 2375 592 2422 sd
603 2389 683 2430 auras,

66 2443 242 2562 miphmloque
251 2445 344 2503 sedens,
355 2445 421 2500 palla
431 2444 555 2492 succincte
564 2443 674 2499 cruenta,

132 2524 168 2563 ²⁵5
