1972 3164
337 190 447 232 AENEIS.
474 191 496 230 lI

81 286 170 335 sternit
179 301 257 345 agros,
269 287 357 336 sternit
367 289 422 336 sata
431 287 497 336 laeta
506 287 624 344 boumque
634 289 734 347 labores,

81 356 270 412 praecipitesque
279 357 357 404 trahit
367 358 440 404 silvas
450 377 456 414 ;
472 359 554 413 stupet
564 358 653 405 inscius
663 359 713 405 alto

81 424 201 480 accipiens
211 425 316 472 sonitum
326 427 378 474 saxi
388 426 417 474 de
427 427 518 474 vertice
528 429 618 482 pastor.

81 493 145 540 Tum
155 508 212 540 vero
221 495 351 542 manifesta
360 496 427 552 fides,
439 496 600 551 Danaumque
610 497 739 551 patescunt

30 581 70 618 310
80 560 189 610 insidiae.
218 563 271 609 Iam
281 563 400 619 Deiphobi
410 564 476 611 dedit
485 564 567 620 ampla
575 565 671 611 ruinam

81 631 193 678 Vulcano
202 632 331 687 superante
341 632 434 689 domus,
443 631 492 678 iam
502 632 625 687 proximus
636 633 705 679 ardet

81 698 214 756 Ucalegon,
226 699 298 756 Sigea
306 699 358 756 igni
367 700 433 747 freta
442 700 494 747 lata
503 701 620 748 relucent.

81 767 199 814 Exoritur
207 767 343 822 clamorque
352 767 431 814 virum
442 767 586 824 clangorque
595 769 718 815 tubarum.

80 835 158 881 Arma
167 850 250 882 amens
260 835 329 890 capio
338 854 344 891 ς
359 850 404 882 neo
414 837 453 882 sat
462 836 563 882 rationis
573 837 599 883 in
608 837 691 894 armis,

80 903 123 950 sed
132 903 265 959 glomerare
275 919 374 950 manum
383 903 446 950 bello
452 906 477 950 et
486 919 629 952 concurrere
638 904 664 951 in
674 920 755 952 arcem

81 986 137 1019 eum
147 971 215 1018 sociis
225 972 313 1019 ardent
322 971 412 1028 animi3
426 971 496 1018 furor
505 972 589 1028 iraque
599 975 704 1020 mentem

81 1039 252 1098 praecipitant,
283 1040 457 1096 pulchrumque
487 1041 549 1088 mori
582 1041 702 1088 succurrit
729 1042 756 1087 in

137 1124 219 1155 armis.

111 1177 189 1225 ‘Ecce
199 1180 281 1226 autem
290 1177 346 1224 telis
356 1177 468 1224 Panthus
478 1178 574 1234 elapsus
584 1179 713 1235 Achivum,

82 1246 193 1293 Panthus
203 1246 347 1302 Othryades,
358 1247 421 1294 arcis
432 1246 568 1302 Phoebique
579 1247 698 1303 sacerdos,

33 1332 72 1367 320
82 1329 152 1362 sacra
161 1330 235 1361 manu
243 1314 366 1371 victosque
374 1314 430 1360 deos
441 1328 590 1370 parvumque
600 1315 713 1368 nepotem
810 1317 813 1324 '

81 1381 133 1438 ipse
141 1382 227 1439 trahit,
238 1397 356 1437 cursuque
366 1397 448 1428 amens
458 1381 489 1427 ad
499 1380 583 1427 limina
591 1381 679 1428 tendit.

83 1449 98 1471 “
107 1450 160 1507 Quo
169 1466 207 1498 res
217 1465 312 1497 summa
325 1450 385 1507 loco,
397 1450 512 1496 Panthu?
530 1465 603 1505 quam
616 1448 757 1504 prendimus

137 1521 233 1566 arcem?
242 1519 257 1539 '’

82 1587 130 1633 Vix
139 1602 168 1634 ea
176 1587 243 1634 fatus
253 1603 329 1644 eram,
340 1587 433 1644 gemitu
443 1601 498 1633 cum
508 1585 569 1633 talia
579 1586 673 1633 reddit:

82 1655 98 1676 “
107 1655 182 1703 Venit
191 1671 285 1702 summa
295 1656 345 1702 dies
354 1656 380 1703 et
389 1654 543 1702 ineluctabile
553 1656 650 1711 tempus

82 1723 228 1771 Dardaniae.
258 1724 359 1770 Fuimus
370 1724 453 1780 Troes,
464 1723 512 1769 fuit
522 1723 595 1769 Ilium
605 1725 630 1770 et
640 1723 727 1780 ingens

81 1792 159 1850 gloria
169 1793 315 1840 Teucrorum
324 1811 330 1849 3
350 1792 418 1839 ferus
428 1792 508 1839 omnia
518 1792 631 1847 Iuppiter
639 1793 720 1849 Argos
769 1823 771 1826 ⁴

81 1860 209 1907 transtulit
218 1880 224 1918 ;
245 1861 344 1908 incensa
353 1860 434 1907 Danai
444 1860 600 1907 dominantur
608 1860 634 1906 in
644 1860 711 1907 urbe.

82 1929 181 1977 Arduus
191 1932 299 1976 armatos
309 1928 393 1976 mediis
402 1928 429 1974 in
438 1929 563 1975 moenibus
572 1930 656 1974 astans

82 1998 165 2045 fundit
175 2013 258 2054 equus,
269 1997 392 2053 victorque
402 1996 477 2043 Sinon
486 1996 597 2043 incendia
606 1996 693 2044 miscet

34 2088 72 2124 330
82 2066 212 2113 insultans·
242 2065 323 2112 Portis
333 2065 375 2112 alii
384 2064 548 2120 bipatentibus
559 2064 657 2120 adsunt,

82 2135 159 2181 millia
168 2136 226 2190 quot
235 2134 330 2190 magnis
339 2149 453 2188 umquam
463 2147 550 2179 venere
560 2131 669 2187 Mycenis
677 2150 683 2186 ;

82 2203 195 2250 obsedere
205 2202 246 2248 alii
254 2201 310 2248 telis
319 2202 424 2257 angusta
433 2201 528 2247 riarum

81 2270 200 2327 oppositi3
221 2272 272 2317 stat
281 2269 343 2316 ferri
352 2268 415 2316 acics
425 2283 539 2315 mucrone
550 2280 649 2314 corusco

82 2339 179 2395 stricta,
190 2339 277 2394 parata
286 2337 341 2384 neci
350 2356 356 2394 3
371 2336 412 2383 vix
422 2337 495 2392 primi
504 2333 595 2391 proelia
604 2333 727 2387 temptant

81 2410 210 2464 portarum
218 2406 304 2464 vigiles
313 2406 339 2453 et
349 2419 420 2452 caeco
429 2405 511 2450 Marte
521 2400 664 2448 resistunt.’'

81 2475 182 2523 Talibus
192 2474 333 2530 Othryadae
341 2472 411 2520 dictis
421 2473 447 2520 et
459 2470 557 2518 numine
567 2468 649 2516 divum

130 2543 139 2591 (
150 2545 202 2591 147)
