<?xml version="1.0" encoding="UTF-8"?>
<!DOCTYPE html PUBLIC "-//W3C//DTD XHTML 1.0 Transitional//EN"
    "http://www.w3.org/TR/xhtml1/DTD/xhtml1-transitional.dtd">
<html xmlns="http://www.w3.org/1999/xhtml" xml:lang="en" lang="en">
 <head>
  <title>
</title>
<meta http-equiv="Content-Type" content="text/html;charset=utf-8" />
  <meta name='ocr-system' content='tesseract 3.04.00' />
  <meta name='ocr-capabilities' content='ocr_page ocr_carea ocr_par ocr_line ocrx_word'/>
</head>
<body>
  <div class='ocr_page' id='page_1' title='image "./pvergilimaronis07virggoog/pvergilimaronis07virggoog_0085.png"; bbox 0 0 1972 3164; ppageno 0'>
   <div class='ocr_carea' id='block_1_1' title="bbox 355 320 653 362">
    <p class='ocr_par' dir='ltr' id='par_1_1' title="bbox 355 320 653 362">
     <span class='ocr_line' id='line_1_1' title="bbox 355 320 653 362; baseline 0 -2"><span class='ocrx_word' id='word_1_1' title='bbox 355 322 376 361; x_wconf 92' lang='lat' dir='ltr'><strong>P.</strong></span> <span class='ocrx_word' id='word_1_2' title='bbox 390 320 511 361; x_wconf 82' lang='lat' dir='ltr'><strong>VERGILI</strong></span> <span class='ocrx_word' id='word_1_3' title='bbox 523 320 653 362; x_wconf 79' lang='lat' dir='ltr'>MARONIS</span> 
     </span>
    </p>
   </div>
   <div class='ocr_carea' id='block_1_2' title="bbox 132 418 847 2315">
    <p class='ocr_par' dir='ltr' id='par_1_2' title="bbox 163 418 826 954">
     <span class='ocr_line' id='line_1_2' title="bbox 163 418 820 476; baseline 0 -10"><span class='ocrx_word' id='word_1_4' title='bbox 163 420 243 467; x_wconf 86' lang='lat' dir='ltr'><strong>forma</strong></span> <span class='ocrx_word' id='word_1_5' title='bbox 251 419 327 475; x_wconf 81' lang='lat' dir='ltr'><strong>bovis,</strong></span> <span class='ocrx_word' id='word_1_6' title='bbox 338 419 378 466; x_wconf 89' lang='lat' dir='ltr'><strong>cui</strong></span> <span class='ocrx_word' id='word_1_7' title='bbox 387 420 460 474; x_wconf 86' lang='lat' dir='ltr'><strong>tu&#39;rpe</strong></span> <span class='ocrx_word' id='word_1_8' title='bbox 470 421 553 475; x_wconf 87' lang='lat' dir='ltr'><strong>caput,</strong></span> <span class='ocrx_word' id='word_1_9' title='bbox 564 419 604 466; x_wconf 88' lang='lat' dir='ltr'><strong>cui</strong></span> <span class='ocrx_word' id='word_1_10' title='bbox 614 418 719 474; x_wconf 84' lang='lat' dir='ltr'><strong>plurima</strong></span> <span class='ocrx_word' id='word_1_11' title='bbox 729 420 820 476; x_wconf 87' lang='lat' dir='ltr'><strong>cervix,</strong></span> 
     </span>
     <span class='ocr_line' id='line_1_3' title="bbox 165 487 744 544; baseline -0.003 -8"><span class='ocrx_word' id='word_1_12' title='bbox 165 490 191 536; x_wconf 90' lang='lat' dir='ltr'><strong>et</strong></span> <span class='ocrx_word' id='word_1_13' title='bbox 200 503 299 535; x_wconf 86' lang='lat' dir='ltr'><strong>crurum</strong></span> <span class='ocrx_word' id='word_1_14' title='bbox 308 488 381 534; x_wconf 88' lang='lat' dir='ltr'><strong>tenus</strong></span> <span class='ocrx_word' id='word_1_15' title='bbox 391 503 406 534; x_wconf 87' lang='lat' dir='ltr'><strong>a</strong></span> <span class='ocrx_word' id='word_1_16' title='bbox 416 490 497 534; x_wconf 85' lang='lat' dir='ltr'><strong>mento</strong></span> <span class='ocrx_word' id='word_1_17' title='bbox 507 487 615 543; x_wconf 83' lang='lat' dir='ltr'><strong>pelearia</strong></span> <span class='ocrx_word' id='word_1_18' title='bbox 624 487 730 543; x_wconf 83' lang='lat' dir='ltr'><strong>pendent</strong></span> <span class='ocrx_word' id='word_1_19' title='bbox 738 507 744 544; x_wconf 73' lang='grc' dir='ltr'><strong><em>ς</em></strong></span> 
     </span>
     <span class='ocr_line' id='line_1_4' title="bbox 165 554 793 614; baseline -0.005 -10"><span class='ocrx_word' id='word_1_20' title='bbox 165 558 220 604; x_wconf 88' lang='lat' dir='ltr'><strong>tum</strong></span> <span class='ocrx_word' id='word_1_21' title='bbox 230 556 302 614; x_wconf 85' lang='lat' dir='ltr'><strong>longo</strong></span> <span class='ocrx_word' id='word_1_22' title='bbox 311 554 394 602; x_wconf 79' lang='lat' dir='ltr'><strong>nullus</strong></span> <span class='ocrx_word' id='word_1_23' title='bbox 404 555 476 602; x_wconf 89' lang='lat' dir='ltr'><strong>lateri</strong></span> <span class='ocrx_word' id='word_1_24' title='bbox 486 555 571 602; x_wconf 84' lang='lat' dir='ltr'><strong>modun</strong></span> <span class='ocrx_word' id='word_1_25' title='bbox 582 574 588 610; x_wconf 89' lang='lat'>;</span> <span class='ocrx_word' id='word_1_26' title='bbox 605 555 686 602; x_wconf 90' lang='lat' dir='ltr'><strong>omnia</strong></span> <span class='ocrx_word' id='word_1_27' title='bbox 695 571 793 612; x_wconf 86' lang='lat' dir='ltr'><strong>magna,</strong></span> 
     </span>
     <span class='ocr_line' id='line_1_5' title="bbox 166 622 826 682; baseline -0.002 -10"><span class='ocrx_word' id='word_1_28' title='bbox 166 641 209 682; x_wconf 84' lang='lat' dir='ltr'><strong>pes</strong></span> <span class='ocrx_word' id='word_1_29' title='bbox 219 625 294 672; x_wconf 88' lang='lat' dir='ltr'><strong>etiam</strong></span> <span class='ocrx_word' id='word_1_30' title='bbox 304 644 310 680; x_wconf 91' lang='lat'>;</span> <span class='ocrx_word' id='word_1_31' title='bbox 327 626 352 671; x_wconf 89' lang='lat' dir='ltr'><strong>et</strong></span> <span class='ocrx_word' id='word_1_32' title='bbox 363 624 468 671; x_wconf 84' lang='lat' dir='ltr'><strong>camuris</strong></span> <span class='ocrx_word' id='word_1_33' title='bbox 477 622 558 669; x_wconf 82' lang='lat' dir='ltr'><strong>hirtae</strong></span> <span class='ocrx_word' id='word_1_34' title='bbox 568 623 613 670; x_wconf 88' lang='lat' dir='ltr'><strong>sub</strong></span> <span class='ocrx_word' id='word_1_35' title='bbox 622 623 734 670; x_wconf 87' lang='lat' dir='ltr'><strong>cornibus</strong></span> <span class='ocrx_word' id='word_1_36' title='bbox 743 640 826 671; x_wconf 85' lang='lat' dir='ltr'><strong>aures.</strong></span> 
     </span>
     <span class='ocr_line' id='line_1_6' title="bbox 167 690 754 748; baseline -0.002 -8"><span class='ocrx_word' id='word_1_37' title='bbox 167 694 219 741; x_wconf 89' lang='lat' dir='ltr'><strong>Nec</strong></span> <span class='ocrx_word' id='word_1_38' title='bbox 229 693 289 739; x_wconf 90' lang='lat' dir='ltr'><strong>mihi</strong></span> <span class='ocrx_word' id='word_1_39' title='bbox 298 693 424 748; x_wconf 73' lang='lat' dir='ltr'><strong>displiceat</strong></span> <span class='ocrx_word' id='word_1_40' title='bbox 434 691 534 738; x_wconf 85' lang='lat' dir='ltr'><strong>maculis</strong></span> <span class='ocrx_word' id='word_1_41' title='bbox 545 690 647 747; x_wconf 87' lang='lat' dir='ltr'><strong>insignis</strong></span> <span class='ocrx_word' id='word_1_42' title='bbox 656 692 682 738; x_wconf 90' lang='lat' dir='ltr'><strong>et</strong></span> <span class='ocrx_word' id='word_1_43' title='bbox 691 691 754 748; x_wconf 86' lang='lat' dir='ltr'><strong>albo,</strong></span> 
     </span>
     <span class='ocr_line' id='line_1_7' title="bbox 168 760 789 817; baseline -0.005 -8"><span class='ocrx_word' id='word_1_44' title='bbox 168 763 211 809; x_wconf 90' lang='lat' dir='ltr'><strong>aut</strong></span> <span class='ocrx_word' id='word_1_45' title='bbox 220 761 278 817; x_wconf 88' lang='lat' dir='ltr'><strong>iuga</strong></span> <span class='ocrx_word' id='word_1_46' title='bbox 287 761 428 808; x_wconf 84' lang='lat' dir='ltr'><strong>detractans</strong></span> <span class='ocrx_word' id='word_1_47' title='bbox 437 760 607 814; x_wconf 72' lang='lat' dir='ltr'>interdumque</span> <span class='ocrx_word' id='word_1_48' title='bbox 616 775 703 815; x_wconf 80' lang='lat' dir='ltr'><strong>aspera</strong></span> <span class='ocrx_word' id='word_1_49' title='bbox 712 774 789 806; x_wconf 86' lang='lat' dir='ltr'><strong>cornu</strong></span> 
     </span>
     <span class='ocr_line' id='line_1_8' title="bbox 168 827 755 884; baseline -0.005 -7"><span class='ocrx_word' id='word_1_50' title='bbox 168 832 193 877; x_wconf 91' lang='lat' dir='ltr'><strong>et</strong></span> <span class='ocrx_word' id='word_1_51' title='bbox 202 830 289 876; x_wconf 80' lang='lat' dir='ltr'><strong>taciem</strong></span> <span class='ocrx_word' id='word_1_52' title='bbox 299 830 371 876; x_wconf 87' lang='lat' dir='ltr'><strong>tauro</strong></span> <span class='ocrx_word' id='word_1_53' title='bbox 382 827 486 884; x_wconf 86' lang='lat' dir='ltr'><strong>propior,</strong></span> <span class='ocrx_word' id='word_1_54' title='bbox 497 843 604 883; x_wconf 87' lang='lat' dir='ltr'><strong>quaeque</strong></span> <span class='ocrx_word' id='word_1_55' title='bbox 615 829 692 875; x_wconf 80' lang='lat' dir='ltr'><strong>ardua</strong></span> <span class='ocrx_word' id='word_1_56' title='bbox 701 829 755 874; x_wconf 85' lang='lat' dir='ltr'><strong>tota</strong></span> 
     </span>
     <span class='ocr_line' id='line_1_9' title="bbox 169 895 668 954; baseline -0.006 -9"><span class='ocrx_word' id='word_1_57' title='bbox 169 901 193 945; x_wconf 89' lang='lat' dir='ltr'><strong>et</strong></span> <span class='ocrx_word' id='word_1_58' title='bbox 203 897 315 954; x_wconf 80' lang='lat' dir='ltr'><strong>gradiens</strong></span> <span class='ocrx_word' id='word_1_59' title='bbox 324 897 374 943; x_wconf 86' lang='lat' dir='ltr'><strong>ima</strong></span> <span class='ocrx_word' id='word_1_60' title='bbox 383 896 459 944; x_wconf 85' lang='lat' dir='ltr'><strong>verrit</strong></span> <span class='ocrx_word' id='word_1_61' title='bbox 468 895 573 952; x_wconf 84' lang='lat' dir='ltr'><strong>vestigia</strong></span> <span class='ocrx_word' id='word_1_62' title='bbox 583 896 668 943; x_wconf 85' lang='lat' dir='ltr'><strong>cauda.</strong></span> 
     </span>
    </p>

    <p class='ocr_par' dir='ltr' id='par_1_3' title="bbox 132 963 826 1636">
     <span class='ocr_line' id='line_1_10' title="bbox 132 963 719 1020; baseline 0 -9"><span class='ocrx_word' id='word_1_63' title='bbox 132 974 158 1011; x_wconf 86' lang='lat'><strong>60</strong></span> <span class='ocrx_word' id='word_1_64' title='bbox 169 967 245 1013; x_wconf 80' lang='lat' dir='ltr'><strong>Aetas</strong></span> <span class='ocrx_word' id='word_1_65' title='bbox 255 965 372 1014; x_wconf 75' lang='lat' dir='ltr'><strong>Lucinam</strong></span> <span class='ocrx_word' id='word_1_66' title='bbox 381 965 503 1019; x_wconf 82' lang='lat' dir='ltr'><strong>iustosque</strong></span> <span class='ocrx_word' id='word_1_67' title='bbox 513 963 565 1019; x_wconf 86' lang='lat' dir='ltr'><strong>pati</strong></span> <span class='ocrx_word' id='word_1_68' title='bbox 574 963 719 1020; x_wconf 74' lang='lat' dir='ltr'><strong>hymenaeos</strong></span> 
     </span>
     <span class='ocr_line' id='line_1_11' title="bbox 170 1033 815 1090; baseline -0.006 -8"><span class='ocrx_word' id='word_1_69' title='bbox 170 1034 257 1082; x_wconf 89' lang='lat' dir='ltr'><strong>desiuit</strong></span> <span class='ocrx_word' id='word_1_70' title='bbox 267 1036 324 1082; x_wconf 89' lang='lat' dir='ltr'><strong>aute</strong></span> <span class='ocrx_word' id='word_1_71' title='bbox 333 1034 423 1090; x_wconf 88' lang='lat' dir='ltr'><strong>decem,</strong></span> <span class='ocrx_word' id='word_1_72' title='bbox 434 1034 490 1088; x_wconf 84' lang='lat' dir='ltr'><strong>post</strong></span> <span class='ocrx_word' id='word_1_73' title='bbox 500 1033 616 1087; x_wconf 82' lang='lat' dir='ltr'><strong>quattuor</strong></span> <span class='ocrx_word' id='word_1_74' title='bbox 626 1033 712 1089; x_wconf 76' lang='lat' dir='ltr'><strong>incipit</strong></span> <span class='ocrx_word' id='word_1_75' title='bbox 721 1047 815 1090; x_wconf 86' lang='lat' dir='ltr'><strong>annos;</strong></span> 
     </span>
     <span class='ocr_line' id='line_1_12' title="bbox 170 1099 748 1151; baseline -0.007 0"><span class='ocrx_word' id='word_1_76' title='bbox 170 1105 250 1151; x_wconf 88' lang='lat' dir='ltr'><strong>cetera</strong></span> <span class='ocrx_word' id='word_1_77' title='bbox 259 1118 304 1150; x_wconf 88' lang='lat' dir='ltr'><strong>nec</strong></span> <span class='ocrx_word' id='word_1_78' title='bbox 313 1103 409 1149; x_wconf 84' lang='lat' dir='ltr'><strong>feturae</strong></span> <span class='ocrx_word' id='word_1_79' title='bbox 419 1099 507 1148; x_wconf 79' lang='lat' dir='ltr'><strong>habilis</strong></span> <span class='ocrx_word' id='word_1_80' title='bbox 516 1115 561 1147; x_wconf 88' lang='lat' dir='ltr'><strong>uec</strong></span> <span class='ocrx_word' id='word_1_81' title='bbox 570 1100 643 1147; x_wconf 86' lang='lat' dir='ltr'><strong>fortis</strong></span> <span class='ocrx_word' id='word_1_82' title='bbox 649 1100 748 1147; x_wconf 85' lang='lat' dir='ltr'><strong>aratris.</strong></span> 
     </span>
     <span class='ocr_line' id='line_1_13' title="bbox 171 1168 792 1228; baseline -0.006 -9"><span class='ocrx_word' id='word_1_83' title='bbox 171 1173 276 1228; x_wconf 89' lang='lat' dir='ltr'><strong>Interea,</strong></span> <span class='ocrx_word' id='word_1_84' title='bbox 287 1171 387 1225; x_wconf 85' lang='lat' dir='ltr'><strong>superat</strong></span> <span class='ocrx_word' id='word_1_85' title='bbox 397 1168 511 1225; x_wconf 76' lang='lat' dir='ltr'><strong>gregibus</strong></span> <span class='ocrx_word' id='word_1_86' title='bbox 521 1168 579 1215; x_wconf 89' lang='lat' dir='ltr'><strong>dum</strong></span> <span class='ocrx_word' id='word_1_87' title='bbox 592 1168 658 1216; x_wconf 83' lang='lat' dir='ltr'><strong>laeta</strong></span> <span class='ocrx_word' id='word_1_88' title='bbox 670 1169 792 1225; x_wconf 78' lang='lat' dir='ltr'><strong>iuventas,</strong></span> 
     </span>
     <span class='ocr_line' id='line_1_14' title="bbox 171 1236 826 1294; baseline -0.008 -6"><span class='ocrx_word' id='word_1_89' title='bbox 171 1239 235 1288; x_wconf 82' lang='lat' dir='ltr'><strong>solve</strong></span> <span class='ocrx_word' id='word_1_90' title='bbox 245 1253 323 1285; x_wconf 86' lang='lat' dir='ltr'><strong>mares</strong></span> <span class='ocrx_word' id='word_1_91' title='bbox 332 1256 338 1293; x_wconf 86' lang='lat'>3</span> <span class='ocrx_word' id='word_1_92' title='bbox 353 1237 423 1283; x_wconf 90' lang='lat' dir='ltr'><strong>mitte</strong></span> <span class='ocrx_word' id='word_1_93' title='bbox 433 1237 459 1283; x_wconf 92' lang='lat' dir='ltr'><strong>in</strong></span> <span class='ocrx_word' id='word_1_94' title='bbox 469 1236 589 1284; x_wconf 81' lang='lat' dir='ltr'>Venerem</span> <span class='ocrx_word' id='word_1_95' title='bbox 600 1237 712 1292; x_wconf 84' lang='lat' dir='ltr'><strong>pecuaria</strong></span> <span class='ocrx_word' id='word_1_96' title='bbox 721 1237 826 1294; x_wconf 84' lang='lat' dir='ltr'><strong>primus,</strong></span> 
     </span>
     <span class='ocr_line' id='line_1_15' title="bbox 171 1305 774 1363; baseline -0.005 -8"><span class='ocrx_word' id='word_1_97' title='bbox 171 1310 243 1363; x_wconf 87' lang='lat' dir='ltr'><strong>atque</strong></span> <span class='ocrx_word' id='word_1_98' title='bbox 254 1307 326 1353; x_wconf 82' lang='lat' dir='ltr'><strong>aliem</strong></span> <span class='ocrx_word' id='word_1_99' title='bbox 336 1321 367 1352; x_wconf 83' lang='lat' dir='ltr'><strong>ex</strong></span> <span class='ocrx_word' id='word_1_100' title='bbox 376 1305 425 1352; x_wconf 87' lang='lat' dir='ltr'><strong>alia</strong></span> <span class='ocrx_word' id='word_1_101' title='bbox 434 1305 572 1360; x_wconf 85' lang='lat' dir='ltr'><strong>generando</strong></span> <span class='ocrx_word' id='word_1_102' title='bbox 583 1305 663 1352; x_wconf 87' lang='lat' dir='ltr'><strong>suffice</strong></span> <span class='ocrx_word' id='word_1_103' title='bbox 673 1305 774 1361; x_wconf 87' lang='lat' dir='ltr'><strong>prolem.</strong></span> 
     </span>
     <span class='ocr_line' id='line_1_16' title="bbox 172 1372 769 1431; baseline -0.007 -9"><span class='ocrx_word' id='word_1_104' title='bbox 172 1375 272 1431; x_wconf 80' lang='lat' dir='ltr'><strong>Optima</strong></span> <span class='ocrx_word' id='word_1_105' title='bbox 281 1388 388 1429; x_wconf 85' lang='lat' dir='ltr'><strong>quaeque</strong></span> <span class='ocrx_word' id='word_1_106' title='bbox 398 1372 449 1420; x_wconf 88' lang='lat' dir='ltr'><strong>dies</strong></span> <span class='ocrx_word' id='word_1_107' title='bbox 459 1372 552 1419; x_wconf 87' lang='lat' dir='ltr'><strong>miseris</strong></span> <span class='ocrx_word' id='word_1_108' title='bbox 562 1372 705 1420; x_wconf 80' lang='lat' dir='ltr'><strong>mortalibus</strong></span> <span class='ocrx_word' id='word_1_109' title='bbox 715 1372 769 1419; x_wconf 85' lang='lat' dir='ltr'><strong>aeri</strong></span> 
     </span>
     <span class='ocr_line' id='line_1_17' title="bbox 173 1441 813 1500; baseline -0.005 -10"><span class='ocrx_word' id='word_1_110' title='bbox 173 1444 250 1500; x_wconf 85' lang='lat' dir='ltr'><strong>prima</strong></span> <span class='ocrx_word' id='word_1_111' title='bbox 260 1442 340 1498; x_wconf 76' lang='lat' dir='ltr'><strong>fugit:</strong></span> <span class='ocrx_word' id='word_1_112' title='bbox 356 1441 461 1488; x_wconf 82' lang='lat' dir='ltr'><strong>subeunt</strong></span> <span class='ocrx_word' id='word_1_113' title='bbox 471 1441 549 1488; x_wconf 88' lang='lat' dir='ltr'><strong>morbi</strong></span> <span class='ocrx_word' id='word_1_114' title='bbox 557 1441 682 1496; x_wconf 87' lang='lat' dir='ltr'><strong>tristisque</strong></span> <span class='ocrx_word' id='word_1_115' title='bbox 692 1442 813 1497; x_wconf 83' lang='lat' dir='ltr'><strong>senectus,</strong></span> 
     </span>
     <span class='ocr_line' id='line_1_18' title="bbox 172 1508 738 1564; baseline -0.004 -6"><span class='ocrx_word' id='word_1_116' title='bbox 172 1514 197 1558; x_wconf 91' lang='lat' dir='ltr'><strong>et</strong></span> <span class='ocrx_word' id='word_1_117' title='bbox 206 1512 274 1559; x_wconf 90' lang='lat' dir='ltr'><strong>labor</strong></span> <span class='ocrx_word' id='word_1_118' title='bbox 284 1512 309 1558; x_wconf 89' lang='lat' dir='ltr'><strong>et</strong></span> <span class='ocrx_word' id='word_1_119' title='bbox 319 1511 394 1558; x_wconf 84' lang='lat' dir='ltr'><strong>durae</strong></span> <span class='ocrx_word' id='word_1_120' title='bbox 405 1508 471 1564; x_wconf 89' lang='lat' dir='ltr'><strong>rapit</strong></span> <span class='ocrx_word' id='word_1_121' title='bbox 480 1508 635 1556; x_wconf 88' lang='lat' dir='ltr'><strong>inelementia</strong></span> <span class='ocrx_word' id='word_1_122' title='bbox 645 1509 738 1556; x_wconf 80' lang='lat' dir='ltr'><strong>mortis.</strong></span> 
     </span>
     <span class='ocr_line' id='line_1_19' title="bbox 174 1576 786 1636; baseline -0.005 -9"><span class='ocrx_word' id='word_1_123' title='bbox 174 1581 273 1636; x_wconf 83' lang='lat' dir='ltr'><strong>Semper</strong></span> <span class='ocrx_word' id='word_1_124' title='bbox 283 1580 363 1635; x_wconf 87' lang='lat' dir='ltr'><strong>erunt,</strong></span> <span class='ocrx_word' id='word_1_125' title='bbox 374 1592 477 1633; x_wconf 85' lang='lat' dir='ltr'><strong>quarum</strong></span> <span class='ocrx_word' id='word_1_126' title='bbox 487 1576 578 1623; x_wconf 87' lang='lat' dir='ltr'><strong>mutari</strong></span> <span class='ocrx_word' id='word_1_127' title='bbox 588 1591 691 1632; x_wconf 81' lang='lat' dir='ltr'><strong>corpora</strong></span> <span class='ocrx_word' id='word_1_128' title='bbox 700 1577 786 1624; x_wconf 83' lang='lat' dir='ltr'><strong>mulis:</strong></span> 
     </span>
    </p>

    <p class='ocr_par' dir='ltr' id='par_1_4' title="bbox 137 1644 815 1769">
     <span class='ocr_line' id='line_1_20' title="bbox 137 1644 801 1706; baseline -0.006 -10"><span class='ocrx_word' id='word_1_129' title='bbox 137 1671 162 1706; x_wconf 87' lang='lat'><strong>70</strong></span> <span class='ocrx_word' id='word_1_130' title='bbox 174 1664 267 1704; x_wconf 84' lang='lat' dir='ltr'><strong>semper</strong></span> <span class='ocrx_word' id='word_1_131' title='bbox 277 1647 341 1695; x_wconf 89' lang='lat' dir='ltr'><strong>enim</strong></span> <span class='ocrx_word' id='word_1_132' title='bbox 351 1646 422 1694; x_wconf 84' lang='lat' dir='ltr'><strong>retice</strong></span> <span class='ocrx_word' id='word_1_133' title='bbox 432 1661 469 1702; x_wconf 87' lang='lat' dir='ltr'><strong>ac,</strong></span> <span class='ocrx_word' id='word_1_134' title='bbox 480 1660 511 1692; x_wconf 92' lang='lat' dir='ltr'><strong>ne</strong></span> <span class='ocrx_word' id='word_1_135' title='bbox 521 1645 576 1700; x_wconf 85' lang='lat' dir='ltr'><strong>post</strong></span> <span class='ocrx_word' id='word_1_136' title='bbox 585 1644 675 1692; x_wconf 82' lang='lat' dir='ltr'><strong>amissa</strong></span> <span class='ocrx_word' id='word_1_137' title='bbox 683 1644 801 1702; x_wconf 85' lang='lat' dir='ltr'><strong>requiras,</strong></span> 
     </span>
     <span class='ocr_line' id='line_1_21' title="bbox 174 1714 815 1769; baseline -0.005 -6"><span class='ocrx_word' id='word_1_138' title='bbox 174 1717 231 1763; x_wconf 84' lang='lat' dir='ltr'><strong>ante</strong></span> <span class='ocrx_word' id='word_1_139' title='bbox 241 1715 331 1762; x_wconf 87' lang='lat' dir='ltr'><strong>veniet</strong></span> <span class='ocrx_word' id='word_1_140' title='bbox 341 1714 450 1762; x_wconf 88' lang='lat' dir='ltr'><strong>subolem</strong></span> <span class='ocrx_word' id='word_1_141' title='bbox 460 1715 570 1760; x_wconf 86' lang='lat' dir='ltr'><strong>armento</strong></span> <span class='ocrx_word' id='word_1_142' title='bbox 580 1714 667 1760; x_wconf 77' lang='lat' dir='ltr'><strong>sortire</strong></span> <span class='ocrx_word' id='word_1_143' title='bbox 676 1714 815 1769; x_wconf 88' lang='lat' dir='ltr'><strong>quotannis.</strong></span> 
     </span>
    </p>

    <p class='ocr_par' dir='ltr' id='par_1_5' title="bbox 203 1781 779 1839">
     <span class='ocr_line' id='line_1_22' title="bbox 203 1781 779 1839; baseline -0.003 -9"><span class='ocrx_word' id='word_1_144' title='bbox 203 1784 312 1831; x_wconf 88' lang='lat' dir='ltr'><strong>Necnon</strong></span> <span class='ocrx_word' id='word_1_145' title='bbox 322 1785 347 1830; x_wconf 89' lang='lat' dir='ltr'><strong>et</strong></span> <span class='ocrx_word' id='word_1_146' title='bbox 357 1782 439 1839; x_wconf 89' lang='lat' dir='ltr'><strong>pecori</strong></span> <span class='ocrx_word' id='word_1_147' title='bbox 447 1785 484 1829; x_wconf 81' lang='lat' dir='ltr'><strong>est</strong></span> <span class='ocrx_word' id='word_1_148' title='bbox 494 1782 557 1829; x_wconf 90' lang='lat' dir='ltr'><strong>idem</strong></span> <span class='ocrx_word' id='word_1_149' title='bbox 568 1781 674 1828; x_wconf 86' lang='lat' dir='ltr'><strong>delectus</strong></span> <span class='ocrx_word' id='word_1_150' title='bbox 685 1783 779 1837; x_wconf 90' lang='lat' dir='ltr'><strong>equino.</strong></span> 
     </span>
    </p>

    <p class='ocr_par' dir='ltr' id='par_1_6' title="bbox 174 1850 847 2315">
     <span class='ocr_line' id='line_1_23' title="bbox 175 1850 847 1908; baseline -0.001 -10"><span class='ocrx_word' id='word_1_151' title='bbox 175 1853 213 1898; x_wconf 87' lang='lat' dir='ltr'><strong>Tu</strong></span> <span class='ocrx_word' id='word_1_152' title='bbox 223 1852 302 1908; x_wconf 90' lang='lat' dir='ltr'><strong>modo,</strong></span> <span class='ocrx_word' id='word_1_153' title='bbox 313 1866 372 1906; x_wconf 85' lang='lat' dir='ltr'><strong>quoe</strong></span> <span class='ocrx_word' id='word_1_154' title='bbox 381 1851 407 1898; x_wconf 91' lang='lat' dir='ltr'><strong>iu</strong></span> <span class='ocrx_word' id='word_1_155' title='bbox 417 1866 483 1906; x_wconf 82' lang='lat' dir='ltr'><strong>apem</strong></span> <span class='ocrx_word' id='word_1_156' title='bbox 494 1851 588 1897; x_wconf 82' lang='lat' dir='ltr'><strong>statues</strong></span> <span class='ocrx_word' id='word_1_157' title='bbox 596 1850 747 1896; x_wconf 70' lang='lat' dir='ltr'><strong>summittere</strong></span> <span class='ocrx_word' id='word_1_158' title='bbox 756 1850 847 1908; x_wconf 83' lang='lat' dir='ltr'><strong>gentis,</strong></span> 
     </span>
     <span class='ocr_line' id='line_1_24' title="bbox 174 1917 826 1977; baseline -0.003 -10"><span class='ocrx_word' id='word_1_159' title='bbox 174 1919 332 1977; x_wconf 87' lang='lat' dir='ltr'><strong>praecipuum</strong></span> <span class='ocrx_word' id='word_1_160' title='bbox 342 1919 390 1965; x_wconf 86' lang='lat' dir='ltr'><strong>iam</strong></span> <span class='ocrx_word' id='word_1_161' title='bbox 397 1919 452 1965; x_wconf 90' lang='lat' dir='ltr'><strong>inde</strong></span> <span class='ocrx_word' id='word_1_162' title='bbox 462 1934 478 1964; x_wconf 88' lang='lat' dir='ltr'><strong>a</strong></span> <span class='ocrx_word' id='word_1_163' title='bbox 487 1918 577 1965; x_wconf 87' lang='lat' dir='ltr'><strong>teneris</strong></span> <span class='ocrx_word' id='word_1_164' title='bbox 587 1918 699 1973; x_wconf 76' lang='lat' dir='ltr'><strong>impende</strong></span> <span class='ocrx_word' id='word_1_165' title='bbox 708 1917 826 1965; x_wconf 87' lang='lat' dir='ltr'><strong>laborem.</strong></span> 
     </span>
     <span class='ocr_line' id='line_1_25' title="bbox 176 1985 716 2044; baseline -0.006 -9"><span class='ocrx_word' id='word_1_166' title='bbox 176 1988 296 2036; x_wconf 73' lang='lat' dir='ltr'><strong>Continuo</strong></span> <span class='ocrx_word' id='word_1_167' title='bbox 305 1987 397 2044; x_wconf 85' lang='lat' dir='ltr'><strong>pecoris</strong></span> <span class='ocrx_word' id='word_1_168' title='bbox 406 1986 516 2042; x_wconf 87' lang='lat' dir='ltr'><strong>generosi</strong></span> <span class='ocrx_word' id='word_1_169' title='bbox 525 1985 606 2042; x_wconf 78' lang='lat' dir='ltr'><strong>pullus</strong></span> <span class='ocrx_word' id='word_1_170' title='bbox 615 1985 641 2031; x_wconf 93' lang='lat' dir='ltr'><strong>in</strong></span> <span class='ocrx_word' id='word_1_171' title='bbox 651 1985 716 2033; x_wconf 85' lang='lat' dir='ltr'><strong>arvis</strong></span> 
     </span>
     <span class='ocr_line' id='line_1_26' title="bbox 175 2053 732 2114; baseline -0.007 -10"><span class='ocrx_word' id='word_1_172' title='bbox 175 2057 248 2104; x_wconf 80' lang='grc'><strong>1111111</strong></span> <span class='ocrx_word' id='word_1_173' title='bbox 258 2056 403 2114; x_wconf 81' lang='lat' dir='ltr'><strong>ingreditur,</strong></span> <span class='ocrx_word' id='word_1_174' title='bbox 413 2056 439 2102; x_wconf 90' lang='lat' dir='ltr'><strong>et</strong></span> <span class='ocrx_word' id='word_1_175' title='bbox 448 2054 531 2102; x_wconf 87' lang='lat' dir='ltr'><strong>mollia</strong></span> <span class='ocrx_word' id='word_1_176' title='bbox 541 2069 613 2102; x_wconf 89' lang='lat' dir='ltr'><strong>crura</strong></span> <span class='ocrx_word' id='word_1_177' title='bbox 622 2053 732 2110; x_wconf 85' lang='lat' dir='ltr'><strong>reponit;</strong></span> 
     </span>
     <span class='ocr_line' id='line_1_27' title="bbox 175 2121 796 2181; baseline -0.006 -9"><span class='ocrx_word' id='word_1_178' title='bbox 175 2125 267 2181; x_wconf 80' lang='lat' dir='ltr'><strong>primus</strong></span> <span class='ocrx_word' id='word_1_179' title='bbox 277 2127 301 2178; x_wconf 84' lang='lat' dir='ltr'><strong>et</strong></span> <span class='ocrx_word' id='word_1_180' title='bbox 311 2125 346 2172; x_wconf 91' lang='lat' dir='ltr'><strong>ire</strong></span> <span class='ocrx_word' id='word_1_181' title='bbox 356 2124 419 2170; x_wconf 89' lang='lat' dir='ltr'><strong>viam</strong></span> <span class='ocrx_word' id='word_1_182' title='bbox 429 2125 454 2170; x_wconf 89' lang='lat' dir='ltr'><strong>et</strong></span> <span class='ocrx_word' id='word_1_183' title='bbox 464 2123 549 2170; x_wconf 85' lang='lat' dir='ltr'><strong>fluvios</strong></span> <span class='ocrx_word' id='word_1_184' title='bbox 559 2124 679 2177; x_wconf 84' lang='lat' dir='ltr'><strong>temptare</strong></span> <span class='ocrx_word' id='word_1_185' title='bbox 689 2121 796 2169; x_wconf 76' lang='lat' dir='ltr'><strong>minaces</strong></span> 
     </span>
     <span class='ocr_line' id='line_1_28' title="bbox 176 2189 686 2249; baseline -0.008 -9"><span class='ocrx_word' id='word_1_186' title='bbox 176 2194 250 2242; x_wconf 87' lang='lat' dir='ltr'><strong>audet</strong></span> <span class='ocrx_word' id='word_1_187' title='bbox 259 2194 284 2239; x_wconf 86' lang='lat' dir='ltr'><strong>et</strong></span> <span class='ocrx_word' id='word_1_188' title='bbox 293 2193 376 2249; x_wconf 88' lang='lat' dir='ltr'><strong>ignoto</strong></span> <span class='ocrx_word' id='word_1_189' title='bbox 386 2207 437 2240; x_wconf 84' lang='lat' dir='ltr'><strong>sese</strong></span> <span class='ocrx_word' id='word_1_190' title='bbox 448 2191 599 2239; x_wconf 86' lang='lat' dir='ltr'><strong>committere</strong></span> <span class='ocrx_word' id='word_1_191' title='bbox 609 2189 686 2247; x_wconf 87' lang='lat' dir='ltr'><strong>ponti,</strong></span> 
     </span>
     <span class='ocr_line' id='line_1_29' title="bbox 177 2257 782 2315; baseline -0.007 -7"><span class='ocrx_word' id='word_1_192' title='bbox 177 2277 221 2309; x_wconf 90' lang='lat' dir='ltr'><strong>nec</strong></span> <span class='ocrx_word' id='word_1_193' title='bbox 230 2276 303 2308; x_wconf 78' lang='lat' dir='ltr'><strong>vanos</strong></span> <span class='ocrx_word' id='word_1_194' title='bbox 314 2261 398 2308; x_wconf 88' lang='lat' dir='ltr'><strong>horret</strong></span> <span class='ocrx_word' id='word_1_195' title='bbox 408 2260 532 2315; x_wconf 84' lang='lat' dir='ltr'><strong>strepitus.</strong></span> <span class='ocrx_word' id='word_1_196' title='bbox 563 2259 604 2305; x_wconf 80' lang='lat' dir='ltr'><strong>Illi</strong></span> <span class='ocrx_word' id='word_1_197' title='bbox 613 2258 689 2305; x_wconf 85' lang='lat' dir='ltr'><strong>ardna</strong></span> <span class='ocrx_word' id='word_1_198' title='bbox 699 2257 782 2305; x_wconf 85' lang='lat' dir='ltr'><strong>cervix</strong></span> 
     </span>
    </p>
   </div>
   <div class='ocr_carea' id='block_1_3' title="bbox 139 2327 819 2522">
    <p class='ocr_par' dir='ltr' id='par_1_7' title="bbox 139 2327 819 2522">
     <span class='ocr_line' id='line_1_30' title="bbox 139 2327 819 2388; baseline -0.007 -11"><span class='ocrx_word' id='word_1_199' title='bbox 139 2342 164 2381; x_wconf 78' lang='lat'><strong>80</strong></span> <span class='ocrx_word' id='word_1_200' title='bbox 177 2332 338 2388; x_wconf 81' lang='lat' dir='ltr'><strong>argutumque</strong></span> <span class='ocrx_word' id='word_1_201' title='bbox 349 2330 431 2385; x_wconf 86' lang='lat' dir='ltr'><strong>caput,</strong></span> <span class='ocrx_word' id='word_1_202' title='bbox 441 2328 521 2376; x_wconf 87' lang='lat' dir='ltr'><strong>brevis</strong></span> <span class='ocrx_word' id='word_1_203' title='bbox 532 2327 601 2374; x_wconf 84' lang='lat' dir='ltr'><strong>alvus</strong></span> <span class='ocrx_word' id='word_1_204' title='bbox 611 2327 728 2382; x_wconf 76' lang='lat' dir='ltr'><strong>obesaque</strong></span> <span class='ocrx_word' id='word_1_205' title='bbox 738 2329 819 2382; x_wconf 87' lang='lat' dir='ltr'><strong>terga,</strong></span> 
     </span>
     <span class='ocr_line' id='line_1_31' title="bbox 176 2394 784 2453; baseline -0.008 -8"><span class='ocrx_word' id='word_1_206' title='bbox 176 2398 331 2453; x_wconf 80' lang='lat' dir='ltr'><strong>luxuriatque</strong></span> <span class='ocrx_word' id='word_1_207' title='bbox 341 2397 401 2444; x_wconf 86' lang='lat' dir='ltr'><strong>toris</strong></span> <span class='ocrx_word' id='word_1_208' title='bbox 412 2396 546 2443; x_wconf 86' lang='lat' dir='ltr'><strong>animosum</strong></span> <span class='ocrx_word' id='word_1_209' title='bbox 556 2397 649 2451; x_wconf 84' lang='lat' dir='ltr'><strong>pectus.</strong></span> <span class='ocrx_word' id='word_1_210' title='bbox 679 2394 784 2441; x_wconf 81' lang='lat' dir='ltr'><strong>Honesti</strong></span> 
     </span>
     <span class='ocr_line' id='line_1_32' title="bbox 177 2463 731 2522; baseline -0.009 -8"><span class='ocrx_word' id='word_1_211' title='bbox 177 2467 284 2522; x_wconf 79' lang='lat' dir='ltr'><strong>spadices</strong></span> <span class='ocrx_word' id='word_1_212' title='bbox 294 2464 429 2521; x_wconf 85' lang='lat' dir='ltr'><strong>glaucique,</strong></span> <span class='ocrx_word' id='word_1_213' title='bbox 440 2463 505 2510; x_wconf 88' lang='lat' dir='ltr'><strong>color</strong></span> <span class='ocrx_word' id='word_1_214' title='bbox 515 2463 660 2510; x_wconf 76' lang='lat' dir='ltr'><strong>deterrimus</strong></span> <span class='ocrx_word' id='word_1_215' title='bbox 671 2463 731 2509; x_wconf 86' lang='lat' dir='ltr'><strong>albis</strong></span> 
     </span>
    </p>
   </div>
   <div class='ocr_carea' id='block_1_4' title="bbox 176 2530 852 2656">
    <p class='ocr_par' dir='ltr' id='par_1_8' title="bbox 176 2530 852 2656">
     <span class='ocr_line' id='line_1_33' title="bbox 177 2530 852 2591; baseline -0.006 -10"><span class='ocrx_word' id='word_1_216' title='bbox 177 2535 202 2581; x_wconf 91' lang='lat' dir='ltr'><strong>et</strong></span> <span class='ocrx_word' id='word_1_217' title='bbox 210 2535 283 2591; x_wconf 84' lang='lat' dir='ltr'><strong>gilvo.</strong></span> <span class='ocrx_word' id='word_1_218' title='bbox 314 2534 385 2588; x_wconf 84' lang='lat' dir='ltr'><strong>Tum,</strong></span> <span class='ocrx_word' id='word_1_219' title='bbox 397 2531 418 2578; x_wconf 87' lang='lat' dir='ltr'><strong>si</strong></span> <span class='ocrx_word' id='word_1_220' title='bbox 427 2547 476 2586; x_wconf 89' lang='lat' dir='ltr'><strong>qua</strong></span> <span class='ocrx_word' id='word_1_221' title='bbox 485 2547 570 2578; x_wconf 79' lang='lat' dir='ltr'><strong>sonum</strong></span> <span class='ocrx_word' id='word_1_222' title='bbox 580 2530 665 2587; x_wconf 85' lang='lat' dir='ltr'><strong>procul</strong></span> <span class='ocrx_word' id='word_1_223' title='bbox 678 2546 747 2578; x_wconf 89' lang='lat' dir='ltr'><strong>arma</strong></span> <span class='ocrx_word' id='word_1_224' title='bbox 757 2531 852 2586; x_wconf 86' lang='lat' dir='ltr'><strong>dedere,</strong></span> 
     </span>
     <span class='ocr_line' id='line_1_34' title="bbox 176 2598 811 2656; baseline -0.005 -8"><span class='ocrx_word' id='word_1_225' title='bbox 176 2603 242 2648; x_wconf 86' lang='lat' dir='ltr'><strong>stare</strong></span> <span class='ocrx_word' id='word_1_226' title='bbox 252 2601 304 2648; x_wconf 89' lang='lat' dir='ltr'><strong>loco</strong></span> <span class='ocrx_word' id='word_1_227' title='bbox 313 2600 399 2656; x_wconf 83' lang='lat' dir='ltr'><strong>nescit,</strong></span> <span class='ocrx_word' id='word_1_228' title='bbox 410 2599 484 2646; x_wconf 90' lang='lat' dir='ltr'><strong>micat</strong></span> <span class='ocrx_word' id='word_1_229' title='bbox 494 2598 593 2645; x_wconf 82' lang='lat' dir='ltr'><strong>auribus</strong></span> <span class='ocrx_word' id='word_1_230' title='bbox 603 2601 629 2645; x_wconf 88' lang='lat' dir='ltr'><strong>et</strong></span> <span class='ocrx_word' id='word_1_231' title='bbox 638 2598 723 2645; x_wconf 87' lang='lat' dir='ltr'><strong>tremit</strong></span> <span class='ocrx_word' id='word_1_232' title='bbox 732 2600 811 2654; x_wconf 84' lang='grc'><strong>1111111,</strong></span> 
     </span>
    </p>
   </div>
   <div class='ocr_carea' id='block_1_5' title="bbox 225 2668 283 2718">
    <p class='ocr_par' dir='ltr' id='par_1_9' title="bbox 225 2668 283 2718">
     <span class='ocr_line' id='line_1_35' title="bbox 225 2668 283 2718; baseline 0.017 -1"><span class='ocrx_word' id='word_1_233' title='bbox 225 2668 283 2718; x_wconf 82' lang='lat'>(7⁶)</span> 
     </span>
    </p>
   </div>
   <div class='ocr_carea' id='block_1_6' title="bbox 0 0 1009 3164">
    <p class='ocr_par' dir='ltr' id='par_1_10' title="bbox 0 0 1009 3164">
     <span class='ocr_line' id='line_1_36' title="bbox 0 0 1009 3164; baseline 0 0"><span class='ocrx_word' id='word_1_234' title='bbox 0 0 1009 3164; x_wconf 95' lang='lat' dir='ltr'><strong> </strong></span> 
     </span>
    </p>
   </div>
  </div>
 </body>
</html>
