1972 3164
352 175 374 214 P.
388 173 507 214 VERGILI
520 173 648 213 MARONIS

160 272 241 330 litora,
249 288 304 321 eum
313 273 434 332 Phrygiae
444 273 532 329 possim
542 287 605 329 vago
614 272 708 328 praeda
717 277 849 332 perempto

160 341 238 388 omnis
247 341 273 388 in
283 356 401 398 nequoreo
410 341 492 388 fluitet
501 340 549 387 iam
559 339 685 398 naufraga
694 340 785 390 fluctu.

160 410 200 457 hie
210 409 251 456 elii
260 410 367 456 resident
376 409 464 465 pariles
473 408 572 454 virtutis
581 408 673 455 honore

161 477 245 524 heroes
256 477 400 533 †mediisque
410 476 452 524 siti
462 478 519 522 sunt
529 475 623 522 sedibus
633 490 729 534 omnes,

113 553 150 600 360
161 560 244 593 omues
254 547 333 593 Roma
342 545 415 592 deous
424 544 507 600 mngni
516 558 574 598 quos
585 544 688 598 suspicit
698 545 777 593 orbis.

163 614 203 661 hio
212 614 283 660 Fabii
293 613 415 669 Deosque,
425 612 465 659 hio
475 613 512 658 est
522 614 546 658 et
557 612 664 659 Horatia
672 613 769 672 virtus,

161 682 200 729 hic
209 684 235 728 et
244 681 312 727 foma
321 683 392 728 vetus
402 695 534 735 numquam
544 680 666 726 moritura
675 681 788 740 Metelli,

161 748 261 796 Curtius
271 749 304 804 et,
315 749 399 794 mediis
409 763 480 803 quem
491 748 610 803 quondam
620 748 719 795 sedibus
730 751 804 797 urhis

161 816 274 864 devotum
285 815 367 872 J{bellis
377 816 526 871 consumpsit
535 831 624 873 gurges
633 817 660 862 in
670 817 750 875 unda,

160 884 257 931 Mucius
267 886 292 931 et
301 884 407 941 prudens
417 885 528 931 ardorem
539 899 638 939 eorpore
651 900 752 943 pessus,

160 953 232 1000 oessit
242 952 281 999 oui
291 952 353 1010 Lydi
362 952 489 998 timeleeta
498 952 607 1008 potentin
616 952 681 1008 regis
689 971 696 1009 ς

160 1020 200 1068 hio
210 1021 298 1068 Curius
308 1021 387 1068 clarae
396 1020 473 1067 socius
483 1020 582 1066 virtutis
592 1022 616 1066 et
625 1020 667 1067 ille

161 1089 310 1145 tFlaminius
319 1090 407 1136 devote
416 1088 483 1136 dedit
492 1088 534 1145 qni
543 1103 643 1144 eorporis
652 1088 782 1148 flammae,

162 1157 333 1214 Soipindoequo
343 1158 424 1214 duces,
434 1172 536 1213 quorum
547 1157 634 1204 devota
643 1157 783 1213 triumphis

112 1243 150 1281 370
160 1227 254 1274 moenio
263 1235 303 1276 rub
312 1226 390 1282 lappis
399 1226 502 1282 Libyoee
512 1225 667 1283 Carthaginis
677 1225 794 1275 horrent.

159 1295 214 1342 iure
222 1295 301 1354 igitur
309 1295 355 1341 teli
364 1294 430 1341 sedes
440 1294 539 1350 pietatis
549 1293 672 1340 honorest.

160 1363 197 1411 illi
205 1364 278 1412 leude
287 1379 332 1411 sue
341 1362 454 1418 vigennt;
469 1377 513 1418 ego
523 1362 588 1408 Ditis
598 1376 686 1417 opeoos

160 1446 233 1488 oogor
243 1432 309 1479 edire
319 1431 395 1488 leons,
406 1445 495 1477 vannos
504 1429 619 1476 alumine
629 1429 733 1488 Phoebi,

160 1502 186 1546 et
195 1502 293 1547 vastum
302 1498 483 1556 Phlegethonta
494 1498 555 1555 pati,
565 1512 620 1554 quo,
630 1497 740 1546 maxime
751 1499 847 1558 Minos,

162 1568 325 1616 oonsoelerntn
334 1568 374 1623 pia
383 1566 498 1614 discernis
508 1565 603 1613 saecula
614 1565 677 1613 sede.

161 1651 219 1692 ergo
227 1637 277 1683 inm
286 1651 384 1683 oausam
394 1635 488 1691 mortis,
499 1634 547 1680 inm
557 1634 635 1680 dioere
645 1634 711 1680 vitoe

160 1705 300 1751 verberibus
310 1719 395 1751 saevae
406 1704 495 1759 cogunt
506 1703 550 1749 sub
560 1702 637 1749 iudice
648 1703 758 1760 Poenae,

161 1786 216 1818 oum
226 1771 286 1816 mihi
294 1773 324 1817 tu
333 1771 365 1816 sis
376 1785 450 1817 causo
459 1770 525 1826 meli,
536 1784 580 1816 neo
590 1769 700 1816 conscius
711 1771 791 1828 adsis,

161 1839 203 1886 sed
212 1838 360 1885 tolerabilius
371 1853 447 1884 cures.
478 1839 537 1886 haee
547 1838 663 1884 inmemor
673 1839 764 1886 audis?

112 1915 151 1964 380
161 1908 189 1954 ut
199 1909 282 1953 tumen
292 1905 405 1960 audieris,
416 1906 524 1953 dimittes
534 1907 615 1953 omnia
623 1906 713 1963 ventis,

160 1978 185 2024 et
195 1991 250 2023 mee
259 1976 359 2022 diffusos
369 1975 496 2029 rapientur
507 1976 572 2022 dicta
582 1990 625 2030 per
635 1991 718 2022 euros.

161 2046 281 2102 digredior
290 2059 421 2099 numquam
431 2044 562 2091 rediturus.
592 2047 621 2090 tu
632 2043 682 2090 eolo
691 2044 794 2092 fontem

160 2116 185 2161 et
195 2114 283 2161 viridos
293 2128 420 2160 nemorum
430 2112 502 2158 silvas
512 2115 537 2159 et
547 2127 638 2167 pascua
648 2112 746 2160 laetus!

160 2182 222 2229 dixit
232 2184 257 2229 ot
267 2184 375 2229 extrema
384 2181 462 2227 tristis
473 2196 527 2228 oum
537 2196 594 2227 voce
605 2179 713 2227 recessit.

189 2250 262 2297 Hunc
272 2249 314 2295 ubi
333 2248 461 2296 sollicitum
473 2248 564 2294 dimisit
573 2248 662 2294 inertia
672 2248 748 2305 vitae,

159 2317 262 2364 interius
272 2317 380 2374 graviter
390 2319 561 2372 regementem‚
573 2331 616 2362 nec
626 2316 685 2361 tulit
696 2317 767 2364 ultro

160 2386 268 2432 sensibus
277 2386 385 2432 inlusum
396 2384 477 2431 ouliois
488 2385 517 2430 do
528 2387 605 2430 morto
615 2384 734 2441 dolorem,

160 2455 380 2508 quantumcumque
389 2453 434 2499 sibi
444 2452 507 2498 vires
517 2453 624 2499 tribuere
634 2452 722 2499 seniles

209 2520 279 2569 (456)
