1972 3164
447 167 468 206 P.
481 167 600 208 VERGILI
612 169 741 211 MARONIS

256 256 341 308 Fando
350 261 446 319 aliquod
456 265 476 312 si
484 265 549 312 forte
557 267 613 313 tues
623 267 733 323 pervenit
742 268 774 315 ad
783 285 855 320 aures

255 326 355 377 Belidae
364 345 451 379 nomen
461 332 596 381 Palamedis
605 336 631 381 et
639 334 726 382 inclita
734 335 803 385 tama

255 397 340 456 gloria,
350 415 420 455 quem
430 400 494 448 falsa
503 401 548 449 sub
557 402 691 458 proditione
701 404 798 463 Pelasgi

254 464 375 514 insontem
384 469 485 518 infando
494 470 590 528 indicio,
600 472 658 527 quia
666 470 730 519 bella
740 474 848 534 vetabat,

255 533 371 584 demisere
380 538 441 595 neci,
451 554 516 586 nnnc
526 554 620 586 cassum
630 540 721 589 lumine
730 541 824 600 lugent,

254 601 290 650 illi
300 619 338 652 me
348 606 458 653 comitem
468 608 494 654 et
504 607 714 664 consanguinitate
723 610 885 666 propinquum

254 687 347 728 pauper
355 674 381 720 in
390 690 459 721 arma
467 677 537 730 pater
546 675 629 730 primis
639 675 687 723 huc
696 677 762 724 misit
772 677 803 724 ab
812 679 891 728 annis.

255 739 321 786 Dum
331 742 413 789 stabat
421 758 496 800 regno
504 743 630 791 incolumis
640 759 771 800 regumque
780 745 878 803 vigebat

254 809 366 867 consiliis,
376 813 402 859 et
411 826 454 857 nos
464 811 561 868 aliquod
569 826 702 868 nomenque
712 813 831 869 decusque

218 892 243 929 90
254 879 378 934 gessimus.
409 880 504 927 Invidia
513 881 640 936 postquam
650 881 748 936 pellacis
758 882 827 929 Ulixi

253 947 329 1005 (hand
337 948 422 1006 ignota
431 948 523 1005 loquor)
537 948 629 1005 superis
639 949 756 996 concessit
766 950 797 996 ab
806 951 863 1009 oris,

253 1015 355 1063 afflictus
364 1017 440 1063 vitam
450 1017 475 1063 in
485 1017 591 1064 tenebris
601 1016 715 1072 luctuque
729 1018 856 1066 trahebam

252 1085 277 1131 et
287 1099 369 1130 casum
378 1084 480 1132 insontis
489 1100 583 1132 meeum
593 1085 738 1144 indignabar
747 1086 826 1134 amici.

252 1152 304 1200 Nec
312 1153 379 1200 tacui
388 1153 494 1211 demens,
505 1156 530 1201 et
539 1169 586 1210 me,
597 1153 648 1200 fors
658 1153 679 1201 si
688 1168 736 1209 qua
745 1153 852 1212 tulisset,

251 1221 272 1268 si
281 1222 372 1276 patrios
381 1236 495 1277 umquam
505 1236 648 1269 remeassem
657 1221 736 1268 victor
746 1221 777 1268 ad
786 1222 874 1281 Argos,

251 1291 349 1346 promisi
357 1291 462 1338 ultorem
471 1292 496 1338 et
505 1290 584 1337 verbis
594 1291 649 1337 odia
658 1305 744 1345 aspera
753 1291 825 1337 movi.

251 1359 316 1406 Hinc
325 1359 384 1405 mihi
397 1359 476 1415 prima
485 1358 542 1405 mali
551 1358 625 1415 labes,
635 1358 692 1406 hinc
702 1373 797 1414 semper
807 1358 891 1406 Ulixes

251 1426 388 1475 criminibus
397 1429 489 1474 terrere
499 1427 574 1483 novis,
584 1427 640 1474 hinc
650 1441 764 1484 spargere
773 1441 844 1474 voees

250 1495 276 1541 in
285 1495 385 1553 vulgum
394 1495 519 1552 ambiguas
528 1496 553 1542 et
562 1510 676 1551 quaerere
690 1496 798 1543 conscius
808 1510 886 1542 arma.

204 1578 240 1604 ιω
251 1564 303 1611 Nec
312 1564 428 1619 requievit
437 1563 509 1620 enim,
521 1564 596 1610 donec
606 1562 738 1610 Calchante
747 1563 887 1608 ministro-

250 1631 292 1679 sed
308 1633 365 1689 quid
384 1648 428 1691 ego
442 1632 502 1680 haec
518 1633 600 1679 autem
615 1631 759 1687 nequiquam
776 1631 875 1687 ingrata
886 1647 923 1677 re-

305 1701 391 1749 volvo?

249 1769 335 1826 quidve
344 1784 433 1826 moror,
445 1771 465 1817 si
474 1784 556 1817 omnes
564 1784 612 1816 uno
622 1768 704 1816 ordine
713 1768 807 1815 habetis
817 1768 921 1815 Achivos

249 1838 319 1893 idque
329 1839 411 1886 audire
420 1841 459 1886 sat
468 1840 521 1886 est?
533 1838 674 1885 iamdudum
685 1837 773 1884 sumite
782 1851 871 1892 poenas
881 1857 887 1883 z

249 1907 295 1954 hoc
305 1907 403 1954 Ithacus
414 1907 472 1954 velit
481 1909 506 1954 et
515 1922 605 1964 magno
615 1906 753 1952 mercentur
762 1905 891 1952 Atridae.”

278 1975 355 2023 ‘Tum
365 1991 422 2023 vero
431 1976 543 2023 ardemus
553 1975 636 2022 scitari
646 1976 671 2022 et
681 1988 795 2029 quaerere
805 1988 883 2029 casus,

247 2045 329 2103 ignari
338 2045 454 2092 scelerum
464 2044 589 2090 tantorum
599 2043 706 2098 artisque
717 2042 841 2098 Pelasgae.

249 2113 407 2169 Prosequitur
416 2112 527 2168 pavitans
537 2113 562 2158 et
572 2112 628 2158 ficto
636 2111 732 2166 pectore
741 2109 810 2156 fatur
820 2129 826 2156 ε

278 2181 308 2203 “⁴
316 2182 392 2239 Saepe
401 2181 486 2239 fugam
496 2180 577 2227 Danai
587 2179 658 2226 Troia
668 2178 763 2233 cupiere
773 2177 859 2224 relicta

248 2251 328 2299 moliri
337 2253 362 2298 et
371 2251 444 2306 longo
452 2248 510 2295 fessi
520 2248 640 2294 discedere
650 2247 713 2294 bello
722 2266 728 2303 ;

202 2331 239 2357 110
248 2320 407 2375 fecissemus
417 2318 511 2364 utinam
520 2320 525 2363 l
540 2331 610 2370 saepe
620 2316 673 2362 illos
683 2330 770 2370 aspera
778 2312 847 2369 ponti

247 2388 384 2435 interclusit
393 2387 493 2443 hiemps,
504 2386 529 2432 et
539 2384 627 2430 terruit
636 2384 728 2430 Auster
734 2383 828 2429 euntes.

248 2457 379 2574 Praecipue
389 2471 443 2502 cum
453 2457 501 2501 iam
512 2453 550 2500 hic
559 2452 668 2499 trabibus
678 2452 806 2498 contextus
815 2450 909 2498 acernis

312 2538 348 2573 1⁴0
