1972 3164
419 330 442 372 Ρ.
455 329 574 372 venem
586 331 688 373 Menon
689 332 715 374 18

229 441 284 475 ecce
293 425 404 474 inimicus
413 427 484 475 strox
494 440 583 484 magno
592 424 695 474 stridore
704 441 749 484 per
761 442 834 476 sures

229 496 365 552 insequitur
374 497 449 544 Nisus
459 517 465 554 ;
481 513 530 554 qus
539 513 564 545 se
574 497 624 545 fert
633 497 709 544 Nisus
719 497 750 544 sd
759 512 840 556 suras,

229 565 273 613 ille
282 565 359 613 levem
368 565 464 622 fugiens
476 566 566 622 ruptim
576 568 643 614 secat
652 567 753 614 aethera
761 568 854 622 pennis.

205 655 218 679 ο
230 633 294 680 Tum
304 634 406 690 liquidas
416 633 482 681 corvi
492 649 574 689 presso
583 636 623 681 ter
631 636 732 691 gutture
742 650 812 683 voces

230 703 275 749 sut
284 704 371 760 quater
379 701 538 759 ingeminent,
549 703 575 749 et
585 718 655 759 ssepe
665 703 782 751 cubilibus
792 703 850 751 ultis

229 771 309 818 nescio
318 785 366 826 qus.
374 771 472 825 prester
481 769 579 816 solitum
589 770 715 818 dulcedine
724 771 784 818 lecti

229 839 295 886 inter
305 854 330 885 se
339 838 366 884 in
374 837 439 885 foliis
449 836 581 893 strepitant
589 857 596 895 ;
611 838 680 887 iuvet
689 839 806 887 imbribus
815 839 878 890 cotis

229 906 367 964 progeniem
378 921 478 962 parvam
488 904 616 961 dulcesque
625 907 729 955 revisere
738 908 808 956 nidos
817 929 823 956 ι

229 974 295 1022 hsud
302 974 410 1030 equidem
421 974 500 1031 credo,
510 973 566 1029 quie
576 975 608 1021 sit
618 975 734 1023 divinitus
742 977 791 1024 illis

228 1042 352 1100 ingenium
362 1044 405 1088 aut
415 1057 497 1088 rerum
506 1041 559 1088 fato
569 1043 699 1097 prudentie
708 1043 785 1091 maior
793 1063 799 1100 3

229 1124 312 1158 verum
322 1111 364 1157 ubi
372 1112 504 1167 tempestas
514 1112 539 1158 et
549 1111 608 1158 oceli
617 1112 711 1159 mobilis
720 1127 791 1159 umor

229 1181 354 1227 mutavere
364 1179 415 1226 vies
423 1181 448 1226 et
458 1180 569 1236 Iuppiter
577 1180 664 1227 uvidus
674 1180 773 1228 Austris

230 1249 314 1296 denset
322 1249 393 1295 erent
400 1262 461 1302 quse
468 1263 526 1294 rere
530 1248 608 1304 modo,
614 1249 639 1295 et
649 1261 710 1303 quse
716 1247 790 1295 densa
798 1247 903 1306 relaxat,

181 1333 219 1369 420
230 1318 361 1364 vertuntur
371 1316 460 1372 speeies
470 1316 613 1373 animorum,
628 1318 653 1364 et
662 1318 762 1372 pectore
771 1318 851 1364 motus

229 1401 295 1434 nuno
305 1386 372 1442 ulios,
383 1385 442 1432 ulios
452 1385 510 1432 dum
520 1385 605 1432 nubils
613 1387 702 1432 ventus
711 1384 808 1443 scebet,

230 1454 382 1510 concipiunt:
396 1454 453 1501 hinc
462 1453 503 1500 ille
514 1454 595 1501 evium
605 1455 736 1501 concentus
744 1453 771 1501 in
781 1453 847 1511 egris
937 1503 940 1506 ,

230 1525 255 1571 et
264 1524 342 1570 laetae
352 1523 454 1579 pecudes
464 1524 489 1569 et
499 1524 598 1569 ovantes
608 1524 709 1578 gutture
719 1523 792 1571 corvi.

258 1592 283 1639 Si
293 1607 349 1646 ¹vero
359 1591 433 1638 solem
443 1591 474 1637 sd
483 1590 596 1646 rapidum
606 1589 723 1647 lunasque
732 1591 859 1646 sequentes

229 1661 312 1708 ordine
321 1659 441 1715 respicies,
452 1674 584 1714 numquam
593 1659 619 1705 te
629 1658 737 1705 crastina
746 1658 817 1706 fellet

229 1729 297 1784 hora,
308 1742 383 1782 neque
393 1727 485 1773 insidiis
495 1727 573 1774 noctis
583 1727 676 1783 cupiere
685 1742 792 1774 serenus.

229 1797 307 1852 Luna,
318 1796 469 1842 revertentes
479 1795 648 1851 cumprimum
659 1795 751 1853 colligit
760 1795 836 1852 ignes,

229 1864 250 1912 si
259 1864 356 1920 nigrum
366 1862 467 1910 obscuro
477 1863 654 1918 comprenderit
664 1865 722 1910 s'ers
730 1879 813 1920 cornu,

229 1930 348 1978 maximus
358 1930 469 1988 agricolis
479 1931 609 1988 pelagoque
619 1931 746 1987 parabitur
755 1931 832 1979 imber
842 1952 848 1979 ε

181 2019 218 2055 430
230 2002 257 2047 ut
267 1999 287 2047 si
296 1999 431 2055 virgineum
440 2001 569 2048 suffuderit
579 2015 619 2048 ore
629 2000 751 2057 ruborem,

230 2069 318 2116 ventus
328 2067 375 2115 erit
384 2087 391 2124 ;
406 2069 479 2114 vento
489 2083 584 2125 semper
593 2069 665 2116 rubet
675 2083 749 2116 aurea
759 2067 863 2116 Phoebe.

230 2137 272 2184 Sin
283 2138 338 2183 ortu
348 2138 435 2191 quarto
445 2137 556 2194 (numque
565 2138 586 2184 is
594 2137 742 2185 certissimus
752 2135 846 2192 auctor)

230 2222 292 2263 pura
301 2220 376 2260 neque
386 2205 477 2252 obtusis
487 2221 531 2262 per
540 2205 633 2253 cuelum
643 2206 754 2254 cornibus
763 2205 818 2262 ibit,

229 2275 295 2322 totus
306 2276 331 2321 et
341 2273 381 2320 ille
390 2274 440 2320 dies
450 2275 475 2320 et
484 2274 525 2329 qui
533 2276 665 2321 nascentur
674 2274 705 2320 ab
714 2273 756 2321 illo

229 2343 341 2390 exectum
351 2341 383 2388 ed
392 2356 498 2388 mensem
508 2341 592 2397 pluvia.
599 2342 724 2398 ventisque
734 2341 861 2398 carebunt,

229 2413 331 2468 votaque
341 2410 431 2457 servati
440 2409 534 2457 solvent
543 2411 569 2456 in
578 2410 649 2458 litore
658 2412 748 2458 nuutse

230 2479 321 2526 Glauco
331 2480 355 2525 et
366 2478 491 2532 Panopeae
500 2479 526 2525 et
535 2478 595 2524 Inoo
605 2478 754 2526 Melicertes.

230 2545 271 2593 Sol
281 2561 372 2601 quoque
382 2547 407 2593 et
416 2545 524 2593 exoriens
534 2547 559 2593 et
570 2561 624 2593 cum
635 2562 660 2594 se
670 2547 756 2594 condet
766 2547 792 2592 in
801 2545 879 2592 undus

229 2612 299 2668 signs
307 2613 374 2659 dabit
383 2633 389 2670 ;
404 2613 477 2660 solem
487 2613 622 2661 certissime
631 2613 701 2671 signe
710 2615 852 2670 sequuntur,

277 2681 286 2728 (
295 2680 334 2728 52)
