1972 3164
334 169 444 211 asama.
469 171 505 211 111

82 263 108 311 et
117 262 234 320 gemitum
244 265 368 324 ingentem
378 268 457 325 pelagi
467 268 609 326 pulsataque
619 284 678 318 saxa

82 332 194 380 audimus
203 333 274 391 longe
283 335 421 391 fractasque
431 335 463 382 ad
471 336 544 384 litora
553 352 631 395 voces,

81 401 251 458 exsultantque
260 403 323 451 vada
332 406 405 460 atque
412 407 483 452 aestu
492 405 625 454 miscentur
631 406 744 455 harenae.

82 469 117 516 Et
125 471 197 526 pater
205 471 323 519 Anchises
334 472 477 519 “Nimirum
488 472 596 521 haecilla
606 475 742 532 Charybdis
751 495 757 532 ;

81 538 127 585 hos
137 538 246 586 Helenus
255 540 372 597 scopulos,
379 541 438 589 haec
448 557 507 589 saxa
516 541 637 589 horrenda
647 544 757 591 canebat.

34 616 72 666 ⁵⁶0
83 605 188 663 Eripite,
198 621 213 653 o
222 608 287 664 socii,
298 609 435 664 pariterque
444 609 563 666 insurgite
571 610 672 658 remis‚''

82 674 159 721 Haud
169 675 248 722 minus
258 691 287 723 ao
296 676 355 723 iussi
364 677 466 734 faciunt,
477 677 615 734 primusque
628 679 757 727 rudentem

81 742 199 790 contorsit
208 743 290 791 laevas
299 759 396 800 proram
406 745 536 792 Palinurus
546 746 578 793 ad
587 747 664 794 undas
673 767 679 795 z

80 810 175 858 laevam
185 814 274 859 cuncta
283 813 368 860 cohors
378 813 450 860 remis
460 814 585 870 ventisque
598 816 692 870 petivit.

53 929 57 933 ,
82 879 201 927 Tollimur
210 880 236 928 in
246 880 339 928 caelum
349 882 450 929 curvato
460 883 565 940 gurgite,
576 885 600 930 et
609 884 673 931 idem

81 947 202 995 subducta
210 949 242 996 ad
252 964 335 997 manes
344 949 404 996 imos
414 950 547 998 desedimus
557 953 632 1000 unda,

81 1017 131 1063 Ter
140 1017 232 1074 scopuli
241 1017 369 1065 clamorem
378 1018 443 1065 inter
453 1033 513 1065 cava
522 1034 581 1065 saxa
590 1020 684 1077 dedere,

81 1085 121 1132 ter
130 1100 241 1141 spumam
250 1085 334 1134 elisam
344 1088 369 1134 et
378 1087 487 1134 rorantia
496 1087 599 1134 vidimus
609 1090 684 1136 astra.

81 1153 181 1201 Interea
189 1155 265 1202 fessos
274 1156 362 1201 ventus
370 1170 425 1202 cum
435 1154 484 1202 sole
493 1155 598 1213 reliquit,

80 1222 208 1278 ignarique
216 1223 270 1270 viae
280 1223 411 1278 cyclopum
421 1223 550 1269 allabimur
560 1224 615 1271 oris.

33 1301 71 1340 ⁵70
110 1289 214 1338 ‘Portus
223 1291 254 1337 ab
264 1306 362 1338 accessu
370 1293 496 1338 ventorum
506 1291 619 1338 immotus
629 1293 654 1338 et
666 1291 751 1348 ingens

79 1358 141 1416 ipse,
151 1359 193 1406 sed
202 1359 319 1406 horrificis
328 1358 398 1405 iuxta
406 1359 477 1405 tonat
486 1358 568 1405 Aetna
574 1359 659 1415 ruinis,

79 1426 250 1483 interdumque
259 1428 339 1474 atram
349 1427 486 1483 prorumpit
496 1426 527 1473 ad
537 1427 635 1474 aethera
644 1428 743 1485 nubem,

79 1494 179 1542 turbine
187 1495 323 1542 fumantem
334 1495 400 1551 piceo
409 1497 435 1542 et
444 1495 562 1541 candente
572 1494 664 1552 favilla,

79 1562 219 1619 attollitque
228 1563 310 1620 globos
321 1563 473 1610 flammarum
483 1564 508 1609 et
517 1563 597 1610 sidera
605 1563 700 1621 lambit,

79 1631 204 1680 interdum
213 1631 322 1688 scopulos
332 1631 462 1687 avulsaque
472 1631 565 1678 viscera
574 1631 662 1678 montis

79 1700 154 1757 erigit
163 1701 285 1757 eructans,
295 1700 472 1755 liquefactaque
482 1715 541 1746 saxa
550 1700 595 1746 sub
605 1716 677 1747 auras

79 1784 137 1817 cum
146 1768 239 1825 gemitu
248 1768 375 1825 glomerat,
386 1768 507 1824 fundoque
517 1770 643 1816 exaestuat
652 1770 708 1817 imo.

80 1837 160 1885 Fama
169 1839 206 1884 est
216 1836 332 1884 Enceladi
342 1837 483 1884 semiustum
493 1836 594 1884 fulmine
604 1853 691 1894 corpus

80 1905 164 1962 urgeri
173 1905 235 1952 mole
244 1904 299 1962 hac,
309 1905 478 1962 ingentemque
487 1906 585 1961 insuper
594 1906 700 1953 Aetnam

30 1978 69 2026 580
80 1974 220 2030 impositam
229 1974 309 2030 ruptis
319 1973 441 2020 flammam
451 1974 572 2030 exspirare
582 1975 690 2030 caminis,

79 2046 106 2093 et
115 2044 206 2091 fessum
215 2043 325 2099 quotiens
335 2043 414 2089 mutet
423 2042 496 2099 latus,
507 2042 636 2089 intremere
647 2057 742 2089 omnam

80 2127 206 2160 murmure
216 2111 368 2158 Trinacriam
378 2111 403 2156 et
413 2110 505 2156 caelum
516 2109 641 2156 subtexere
651 2109 727 2156 fumo.

80 2181 184 2228 Noctem
193 2179 260 2226 illam
270 2179 329 2226 tecti
338 2178 404 2225 silvis
413 2177 528 2224 immania
535 2179 645 2224 monstra

80 2249 234 2306 perferimus,
244 2263 290 2296 nec
298 2263 359 2304 quae
370 2247 475 2295 sonitum
486 2247 527 2294 det
537 2261 610 2294 causa
618 2245 735 2292 videmus.

80 2318 228 2374 Numaeque
235 2319 305 2364 eraut
312 2317 433 2363 astrorum
440 2316 508 2371 ignes
516 2329 560 2362 nec
568 2314 661 2360 lucidus
672 2313 758 2360 aethra

80 2386 175 2434 siderea
184 2385 261 2442 polus,
271 2386 373 2432 obscuro
382 2385 424 2431 sed
433 2383 517 2430 nubila
526 2382 599 2438 caelo,

81 2456 107 2502 et
117 2454 201 2500 lunam
210 2454 236 2501 in
245 2453 327 2500 nimbo
336 2468 385 2500 nox
394 2452 539 2507 intempesta
548 2449 654 2497 tenebat.

129 2522 201 2571 (181)
