1972 3164
316 161 425 201 AENEIS.
451 162 474 200 II

59 251 76 274 “
84 251 195 310 Iuppiter
203 252 363 313 omnipotens,
373 255 484 312 precibus
494 255 514 304 si
524 255 626 307 flecteris
635 260 698 318 ullis,

10 325 47 372 590
58 324 138 380 aspice
148 339 205 382 nos3
221 324 266 372 hoe
274 327 387 383 tunium
401 328 436 384 ei,
447 327 468 374 si
476 327 568 383 pieiaie
578 343 706 386 meremur,

58 392 91 439 du
110 392 194 440 deinde
214 395 352 453 augurium,
377 396 461 454 Peior,
479 399 551 452 atque
572 396 632 445 haee
653 398 734 446 omine
778 399 780 403 ’

114 461 211 508 firme.’'

88 530 150 577 ‘Vix
159 546 188 577 ee
197 530 264 578 feius
274 535 327 579 eret
337 533 423 590 senior,
434 533 560 589 subitoque
569 533 668 592 fragore

56 598 164 646 inienuii
173 598 277 658 laevum,
288 604 313 648 ei
323 601 352 649 de
362 602 428 649 eselo
437 602 507 657 lapsa
516 617 559 657 per
568 602 668 649 umbras

57 667 128 714 stelle
137 667 216 714 fueem
226 668 315 716 dueens
324 669 404 717 mulie
412 686 467 718 eum
476 671 529 718 luee
540 671 655 718 eueunii.

57 736 137 793 Illum,
149 751 243 783 summa
252 753 325 793 super
333 738 455 786 lebentem
465 739 571 786 eulmine
578 739 647 792 teeti,

57 805 177 852 eernimus
187 805 261 852 Idaea
271 806 362 853 elerum
372 822 397 854 se
407 806 508 854 eondere
517 806 578 854 silve

57 873 240 929 signantemque
248 874 299 921 viss
307 893 313 931 ;
328 876 381 921 ium
390 874 463 933 longo
473 875 549 922 limiie
558 875 639 922 sulcus

57 941 100 989 dei·
110 941 196 999 lueem,
207 943 232 989 ei
241 942 291 989 lsie
301 942 391 990 circum
400 942 455 990 locu
464 943 578 998 sulphure
588 943 694 991 fumant.

57 1011 107 1057 Hie
116 1025 174 1057 vero
182 1010 261 1058 ricius
270 1011 368 1067 genitor
377 1027 402 1059 se
411 1010 497 1059 tollere
506 1012 538 1058 ed
547 1027 633 1058 aures:

10 1091 46 1128 700
57 1079 195 1133 assemque
205 1078 261 1126 deos
271 1081 297 1126 ei
305 1081 417 1126 saucium
427 1079 493 1127 sidus
502 1079 596 1127 ederet.

58 1146 74 1168 ‘⁶
82 1147 135 1193 Ium
148 1146 197 1193 iem
210 1147 278 1194 nullu
292 1163 360 1194 mora
373 1150 411 1195 est
418 1167 425 1205 3
445 1149 568 1203 sequeret
584 1163 632 1203 qua
644 1148 732 1195 ducitis

113 1216 207 1262 uisum.

57 1284 91 1331 Di
100 1283 182 1340 paesi,
193 1285 287 1330 servube
297 1283 402 1340 domum,
414 1285 509 1331 servate
518 1285 640 1338 uepoiem.

57 1353 174 1400 Vestrum
184 1351 228 1399 hoe
238 1352 375 1409 augurium,
382 1353 509 1408 vestroque
519 1352 545 1398 iu
555 1350 653 1397 numine
660 1351 734 1397 Trois

56 1489 122 1536 eodo
132 1489 240 1544 equidem
250 1503 302 1545 nee,
313 1490 379 1546 uuis,
389 1487 435 1535 tibi
445 1503 523 1536 eomes
533 1489 568 1535 ire
579 1487 689 1534 reeus0.'’

56 1557 161 1605 Diuersi·
170 1557 218 1613 ille,
229 1559 254 1604 et
263 1557 312 1603 ium
321 1571 365 1612 per
374 1556 469 1604 moenie
479 1557 567 1603 clarior
576 1555 640 1612 iguis

56 1626 164 1683 auditur,
174 1625 319 1681 propiusque
329 1627 411 1673 eesius
420 1625 532 1672 incendia
541 1624 651 1671 volvuui.

57 1695 148 1751 “Ergo
157 1709 209 1750 age,
221 1708 275 1740 eure
285 1694 363 1750 peter,
374 1693 462 1740 cervici
470 1692 594 1750 imponere¹
602 1694 699 1739 nestrae
709 1711 715 1747 ;

56 1763 108 1819 ipse
120 1763 203 1810 subibo
213 1761 311 1818 umeris,
321 1777 366 1808 nee
374 1777 413 1808 me
422 1762 491 1809 leber
500 1762 546 1809 isie
554 1760 675 1818 gravabit.

59 1847 107 1888 quo
119 1846 158 1878 res
173 1845 274 1886 eumque
289 1831 385 1888 cedent,
398 1846 475 1877 unum
491 1831 517 1877 ei·
535 1845 660 1877 commune
674 1829 735 1884 peri-

114 1900 187 1957 elum,

10 1991 44 2027 7¹0
58 1984 110 2016 unu
118 1968 184 2016 suus
193 1967 309 2015 ambobus
319 1967 374 2014 erit.
404 1967 467 2014 Mihi
476 1981 566 2022 parvus
575 1966 644 2013 Iulus

56 2037 90 2085 sit
101 2051 187 2094 eomes,
198 2039 223 2084 et
232 2036 304 2092 longe
314 2037 394 2082 servet
403 2035 508 2092 vestigia
517 2035 628 2082 coniunx.

57 2106 117 2162 Vos,
127 2104 221 2161 famuli,
232 2119 293 2160 quse
303 2104 381 2151 dicam
391 2103 478 2150 animis
487 2103 606 2150 edveriiie
616 2101 710 2148 vestris.

61 2174 109 2220 Est
119 2173 180 2221 urbe
189 2173 291 2230 egressis
300 2171 411 2219 tumulus
421 2171 586 2227 iemplumque
595 2169 719 2216 vetusium

55 2243 166 2290 desertae
176 2241 277 2298 Cereris,
287 2242 402 2297 iuxtaque
411 2240 512 2295 antique
521 2251 648 2293 cupressus

56 2310 173 2366 religione
182 2312 281 2365 patrum
291 2309 380 2356 multos
390 2310 487 2355 servata
496 2322 540 2362 per
549 2320 639 2352 annos:

55 2379 121 2426 hune
130 2392 159 2424 ex
168 2378 263 2425 diverso
272 2377 352 2424 sedem
362 2375 485 2422 veniemus
495 2375 520 2420 in
530 2389 613 2420 unum.

56 2447 105 2502 Tu,
116 2446 221 2502 genitor,
231 2459 290 2501 uupe
300 2459 370 2492 secra
379 2458 454 2490 mauu
463 2442 602 2498 patriosque
612 2441 716 2488 Penates
725 2460 731 2497 ;

104 2514 113 2562 (
123 2514 175 2562 ¹59)
