1972 3164
429 187 539 228 anmals.
564 188 597 228 IV

173 292 218 325 nee
228 276 253 324 ie
264 277 346 326 noster
355 293 423 326 amor
432 294 477 327 nee
486 280 580 329 iedata
590 281 692 329 derlera
701 281 823 338 quondam

172 359 219 393 nee
228 346 348 396 moritura
357 349 425 396 leuel
435 350 528 397 erudeli
538 350 624 397 funere
634 349 716 397 Dido?

172 414 317 472 quinetiam
326 415 427 464 hiberno
436 418 527 465 moliris
537 419 615 466 sidere
625 419 735 475 classem,

123 499 165 536 310
172 484 200 530 ei
210 483 294 530 mediis
303 498 418 539 properas
427 485 587 540 Aquilonibus
597 487 632 533 ire
643 487 785 545 pereleum,

172 551 295 599 erudelis?
308 551 389 608 Quid?
401 552 422 599 si
430 568 480 599 non
489 568 549 600 arva
558 553 638 601 aliena
647 554 776 612 domosque

172 620 272 676 ignotas
281 622 384 678 peteres,
394 622 421 668 ei
430 620 503 668 Troia
512 622 613 678 antiqua
622 625 741 681 maneret,

174 687 249 735 'l'roia
258 703 302 744 per
310 690 430 737 undosum
440 693 567 746 peteretur
575 691 691 740 elassibus
702 696 808 749 aequor?

177 752 353 872 Mentemfugti‘s?
376 773 420 815 per
443 774 487 816 ego
504 759 549 806 has
568 759 681 808 lacrimas
697 761 855 818 dextramque

276 841 300 871 m
338 860 344 881 2

174 892 280 948 (quando
289 893 356 940 aliud
365 893 425 940 mihi
433 893 482 940 iam
492 893 592 941 miserae
601 895 663 942 nihil
672 896 726 952 ipsa
734 896 840 954 reliqui)

174 975 220 1016 per
230 961 331 1008 conubia
339 963 432 1018 nostra,
443 977 487 1017 per
496 962 604 1018 incepios
613 963 766 1021 hymenaeos,

174 1028 196 1076 si
209 1028 269 1076 bene
278 1029 335 1085 qnid
345 1029 375 1077 de
384 1032 409 1077 le
420 1031 504 1088 merui,
515 1030 564 1077 fuit
574 1036 619 1078 aut
628 1031 673 1078 tibi
682 1031 811 1088 quiequam

174 1097 246 1145 dulee
255 1112 344 1154 meum,
356 1098 469 1146 miserere
479 1099 564 1146 domus
572 1099 677 1146 labentis
686 1102 711 1146 ei
721 1100 803 1157 istam,

175 1179 228 1223 oro,
239 1166 322 1221 siquis
332 1166 412 1214 adhue
422 1167 533 1222 precibus
542 1166 617 1224 loeus,
628 1183 688 1215 exue
698 1170 813 1216 mentem.

125 1250 167 1288 φο
177 1232 213 1280 Te
223 1236 323 1289 propter
332 1234 437 1290 Libycae
445 1236 530 1291 gentes
540 1235 725 1291 Nomadumque
734 1236 834 1292 tyranni

175 1301 257 1358 odere,
267 1301 357 1350 infensi
371 1302 438 1359 Tyrii
447 1321 453 1359 ;
469 1304 495 1349 ie
504 1305 605 1358 propter
614 1303 716 1349 eundem

175 1369 311 1417 emiinoius
320 1370 398 1426 pudor
408 1372 442 1428 el,
451 1385 499 1426 qua
510 1371 561 1418 sola
572 1370 651 1418 sidera
657 1371 762 1429 adibam,

174 1438 244 1486 fama
253 1439 326 1496 prior.
356 1439 403 1487 Oui
413 1454 452 1486 me
461 1439 629 1486 moribundam
640 1439 739 1496 deseris,
746 1440 848 1496 hospes?

174 1506 222 1554 hoo
231 1507 308 1554 solum
317 1522 404 1554 nomen
411 1508 525 1564 quoniam
536 1507 565 1554 de
574 1507 675 1564 coniuge
684 1509 771 1555 tessal.

175 1574 241 1632 Quid
250 1578 347 1623 moror?
360 1591 392 1622 an
398 1591 453 1623 mea
459 1574 603 1634 Pygmalion
611 1576 669 1622 dum
676 1576 771 1622 moenia
778 1576 857 1624 frater

175 1644 297 1701 destruat,
307 1645 351 1690 aui
360 1646 457 1700 capiam
467 1645 541 1692 duoal
552 1643 671 1692 Gaetulus
681 1643 785 1692 Iarbas?

176 1712 269 1759 Saltem
280 1712 358 1768 siqua
366 1712 426 1758 mihi
436 1712 465 1759 de
472 1714 498 1759 ie
508 1713 621 1768 suscepta
630 1711 718 1759 fuisset

175 1781 234 1827 anie
244 1780 329 1838 fugam
339 1779 440 1837 suboles,
451 1780 472 1827 si
481 1781 534 1836 quis
544 1781 603 1827 mihi
613 1781 731 1838 parvulus
740 1781 799 1828 aula

176 1847 273 1895 luderes
282 1849 385 1905 Aeneas,
396 1848 437 1903 qui
446 1850 471 1895 le
481 1850 563 1896 tamen
573 1863 614 1896 ore
623 1848 736 1907 referret,

129 1935 169 1972 33⁰
176 1931 227 1963 non
237 1916 347 1971 equidem
357 1916 455 1964 omnino
464 1918 537 1972 sapia
547 1933 576 1964 ae
586 1917 682 1966 deserta
690 1918 793 1965 viderer.

206 1983 317 2032 Dixerai.
346 1984 392 2032 Ille
402 1984 466 2031 Iovis
476 1985 573 2031 monitis
583 1986 684 2032 immota
693 1985 793 2032 tenebai

175 2051 270 2100 lumina
279 2054 304 2100 ei
314 2052 415 2100 obnixus
425 2068 508 2100 euram
518 2053 642 2101 subcorde
652 2052 786 2108 premebat.

176 2120 286 2169 Tandem
296 2136 375 2176 pauca
381 2120 473 2168 referi:
490 2121 560 2178 ‘Ego
566 2123 591 2168 ie
601 2136 662 2177 quae
668 2119 774 2175 plurima
782 2118 857 2166 faudo

175 2204 320 2237 enumerem
329 2189 395 2236 vales
405 2204 546 2246 numquam,
556 2189 649 2246 regina,
659 2186 753 2243 negabo

175 2259 344 2316 promeritam,
355 2274 399 2306 neo
410 2274 448 2306 me
458 2258 595 2305 meminisse
605 2257 698 2315 pigebit
708 2255 810 2310 Elissae,

176 2329 237 2375 dum
247 2342 340 2375 memor
348 2327 399 2384 ipse
409 2328 464 2386 mei,
475 2328 534 2375 dum
543 2326 644 2382 spiritus
654 2326 698 2372 hos
708 2324 855 2381 rogitamus.

178 2397 228 2444 Pro
237 2411 264 2443 re
274 2411 352 2452 pauca
360 2396 452 2454 loquar.
483 2395 567 2451 Neque
579 2409 624 2453 ego
637 2394 701 2440 hane
712 2391 857 2439 absoondere

235 2465 304 2512 furio

228 2533 237 2581 (
247 2532 298 2583 197)
