1972 3164
321 187 432 228 AENEIS.
456 189 479 227 II

59 282 90 329 ut
99 296 181 339 regem
190 296 337 338 sequsevum
347 283 438 332 crudeli
446 285 545 334 vnlnere
552 288 604 348 *ridi

59 349 139 397 vitam
148 350 302 398 exhalantem
310 371 317 409 ς
331 353 406 400 subiit
415 353 512 401 deserta
522 355 613 404 Creusa

59 420 86 467 et
95 419 191 476 direpta
200 420 285 468 domus
294 423 319 467 et
329 422 399 477 parvi
408 438 478 469 casus
487 423 543 470 Iuli.

60 486 174 543 Respicis
183 491 216 546 et,
228 505 289 545 quae
299 489 331 537 sit
341 506 379 538 me
389 490 480 538 circum
490 491 565 550 eopia,
576 492 663 540 lustro.

61 555 198 604 Deseruere
207 573 289 606 omnes
299 558 396 616 defessi,
406 561 433 606 et
441 575 543 615 corpora
552 560 618 607 sedtu

60 624 93 672 ad
102 626 194 672 terram
204 627 290 674 misere
300 629 345 674 aut
353 627 449 684 ignibus
459 643 533 685 aegra
541 629 635 676 dedere.

60 693 161 749 Iamque
171 695 231 742 adeo
241 710 315 751 super
324 711 388 741 unus
397 711 473 752 eram,
484 711 539 743 eum
552 696 636 743 limina
645 698 735 745 Vestae

60 764 199 809 servantem
208 764 234 810 et
243 764 345 811 tacitam
356 766 450 810 secreta
458 764 484 810 in
493 765 548 812 sede
558 765 674 812 latentem

61 829 203 886 Tyndarida
212 831 301 887 aspicio
309 850 315 888 3
331 833 391 879 dant
401 832 491 879 claram
500 832 611 880 ineendia
620 832 698 880 lueem

10 919 49 957 ⁵70
60 899 155 945 erranti
164 900 300 956 passimque
309 901 389 948 oeulos
399 915 443 956 per
452 902 541 948 ennete
549 900 646 948 ferenti.

61 966 110 1014 Illa
119 967 165 1014 sibi
173 967 274 1016 infestos
284 984 368 1016 eversa
376 969 407 1016 ob
418 969 537 1025 Pergama
546 970 651 1018 Teucros

59 1035 86 1081 et
95 1049 184 1090 poenas
194 1035 308 1083 Danaum
318 1038 343 1084 et
353 1037 442 1084 deserti
451 1037 558 1093 coniugis
566 1037 616 1084 iras

59 1105 239 1162 praemetuens,
250 1105 336 1152 Tmiae
350 1106 375 1152 et
385 1104 479 1160 patriae
491 1104 624 1151 communis
637 1105 735 1162 Erinys,

59 1169 187 1218 abdiderat
197 1187 248 1220 sese
257 1174 329 1228 atque
340 1173 389 1219 aris
398 1173 476 1219 invisa
485 1173 591 1220 sedebat.

59 1239 180 1287 Exarsere
189 1239 258 1298 ignes
267 1240 348 1287 animo
357 1259 363 1298 ;
378 1241 443 1288 subit
452 1241 490 1286 ira
499 1241 624 1288 cadentem

58 1305 144 1354 uleisd
153 1308 258 1363 patriam
265 1311 291 1356 et
300 1309 430 1357 seeleratas
439 1323 534 1355 sumere
543 1324 641 1364 poenas.

60 1373 158 1423 Scilicet
174 1376 233 1424 haee
249 1377 364 1434 Spartam
382 1376 509 1425 incolumis
524 1377 663 1433 patriasque
682 1377 735 1433 My-

119 1460 191 1494 senas

59 1514 170 1573 aspiciet,
180 1515 297 1572 perteque
303 1513 348 1561 ibit
357 1514 443 1572 regina
451 1513 584 1571 triumpho,

60 1584 245 1641 coniugiumque
255 1584 399 1639 domumque
408 1584 491 1639 patres
501 1584 617 1639 natosque
627 1582 725 1639 videbit,

10 1669 48 1716 ⁵80
59 1652 166 1700 Iliadum
175 1652 249 1699 turba
257 1653 283 1699 et
292 1651 405 1708 Phrygiis
414 1651 530 1699 comitata
539 1650 674 1697 ministris?

58 1721 175 1770 occiderit
184 1720 249 1768 ferro
259 1720 388 1767 Priamus?
415 1721 488 1767 Troia
497 1720 584 1767 arserit
593 1722 663 1777 1gn1?

59 1789 213 1837 Dardanium
222 1788 312 1835 totiens
322 1787 416 1835 sudarit
426 1789 543 1845 sauguine
552 1788 628 1835 litus?

58 1858 117 1906 Non
126 1857 170 1904 ita.
198 1856 309 1912 Namque
319 1856 365 1903 etsi
374 1856 468 1903 nullum
478 1856 631 1904 memorabile
641 1871 729 1904 nomen

57 1925 165 1974 feminea
173 1924 199 1971 in
209 1940 286 1981 poena
294 1926 332 1971 est
340 1940 385 1972 nee
394 1924 469 1971 habet
481 1925 582 1973 victoria
591 1925 697 1980 laudem,

57 1993 201 2041 exstinxisse
210 1992 279 2039 nefas
288 1995 372 2040 tamen
381 1993 407 2038 et
418 1993 546 2048 sumpsisse
556 1993 673 2039 merentis

57 2061 177 2110 laudabor
184 2075 281 2118 poenas,
293 2061 446 2116 animumque
455 2059 561 2116 explesse
571 2060 665 2107 iuvabit

58 2130 154 2178 ultricis
164 2129 274 2176 flammae
284 2132 309 2176 et
319 2129 409 2176 eineres
419 2129 519 2176 satiasse
529 2145 644 2176 meorum.

59 2198 130 2246 Talia
139 2198 258 2245 iaetabem
270 2202 295 2244 et
304 2198 397 2244 furiata
406 2200 487 2244 mente
497 2197 601 2254 ferebar,

60 2282 116 2314 eum
126 2267 184 2313 mihi
192 2282 225 2324 se,
237 2282 284 2313 nou
292 2267 349 2312 ante
359 2264 434 2312 oculis
443 2267 495 2312 tam
506 2265 580 2321 clara,
591 2263 720 2310 videndam

11 2356 49 2393 590
59 2335 150 2382 obtulit
159 2336 184 2382 et
194 2350 256 2390 pura
266 2350 309 2390 per
318 2336 414 2381 noctem
422 2334 449 2379 in
457 2333 511 2380 luce
520 2333 619 2380 refulsit

59 2403 126 2450 alma
134 2419 230 2460 parens,
241 2402 351 2450 confessa
361 2403 430 2449 deam
440 2402 564 2457 qualisque
573 2400 650 2447 videri

59 2471 179 2521 eaelieolis
188 2474 213 2519 et
222 2472 315 2528 quanta
324 2469 394 2524 solet,
404 2470 538 2526 dextraque
548 2469 693 2525 prehensum

108 2541 117 2588 (
127 2539 179 2590 15⁵)
