1972 3164
424 174 536 215 AENEIS.
560 175 604 214 Vll

173 269 321 328 Quinetiam
331 272 441 319 veterum
450 272 540 329 effigies
550 288 581 320 ex
590 272 674 320 ordine
684 289 786 321 avorum

172 340 275 396 antiqua
284 355 297 387 e
307 340 387 396 cedro,
397 339 523 396 Italusque
533 344 651 396 paterque
662 340 765 388 Sabinus

172 407 294 464 vitisator,
305 423 404 454 curvam
414 423 514 455 servans
523 409 569 456 sub
578 409 683 465 imagine
693 409 790 466 falcem,

124 479 163 518 180
173 475 340 531 Saturnusque
349 490 422 522 senex
432 476 533 532 Ianique
542 477 656 524 bifrontis
665 477 747 536 imago

172 543 292 601 vestibulo
301 544 423 601 astabant,
434 544 521 600 aliique
529 545 560 592 ab
570 545 663 603 origine
672 561 750 604 reges,

173 612 311 668 Martiaque
320 611 351 660 ob
360 613 466 668 patriam
476 614 606 669 pugnando
615 615 718 661 vulnera
727 615 801 671 passi.

173 680 301 736 Multaque
310 682 437 736 praeterea
443 681 518 728 sacris
527 680 553 726 in
562 682 671 736 postibus
681 698 757 730 arma.

173 748 264 804 captivi
273 749 379 805 pendent
389 764 483 805 onnus,
494 764 628 805 curvaeque
638 765 743 809 secures,

172 817 199 864 et
208 816 296 864 cristae
306 817 423 874 capitum,
433 818 458 864 et
469 819 593 872 portarum
603 818 713 875 ingentia
723 819 840 875 claustra,

173 884 312 940 spiculaqiie
322 884 437 940 clipeique
447 887 575 940 ereptaque
585 888 667 933 rostra
677 887 774 934 carinis.

173 951 230 1008 Ipse
239 951 359 1009 Quirinali
368 952 430 999 lituo
439 968 560 1008 parvaque
570 954 669 1001 sedebat

174 1021 312 1070 succinctus
321 1021 415 1078 trabea,
425 1021 540 1077 laevaque
550 1023 628 1070 ancile
637 1024 738 1080 gerebat

175 1089 256 1147 Picus,
266 1105 354 1146 equum
369 1089 473 1137 domitor
480 1109 487 1146 ;
502 1105 572 1146 quem
583 1093 656 1146 capta
671 1093 782 1148 cupidine
793 1106 849 1138 con-

231 1173 291 1205 runx

126 1247 164 1285 ¹90
174 1242 250 1275 aurea
259 1241 400 1283 percussum
409 1227 481 1283 virga
490 1242 633 1283 versumque
642 1229 740 1275 venenis

174 1296 234 1344 fecit
244 1311 313 1343 avem
323 1296 401 1353 Circe,
412 1295 547 1352 sparsitque
557 1294 675 1342 coloribus
685 1295 745 1343 alas.

175 1364 231 1411 Tali
239 1365 307 1412 intus
316 1365 408 1420 templo
416 1364 499 1410 divum
510 1363 637 1418 patriaque
647 1364 750 1410 Latinus

174 1433 231 1480 sede
241 1433 324 1480 sedens
335 1433 440 1480 Teucros
450 1432 482 1479 ad
492 1447 543 1478 sese
552 1431 578 1478 in
588 1433 656 1479 tecta
664 1433 768 1488 vocavit,

174 1503 248 1557 aque
258 1501 318 1549 haec
326 1501 441 1558 ingressis
451 1500 546 1555 placido
556 1499 622 1555 prior
632 1501 706 1547 edidit
716 1515 756 1548 ore
766 1520 771 1547 ε

204 1570 308 1627 ‘Dicite‚
326 1569 482 1617 Dardanidae
502 1569 587 1626 (neque
606 1569 669 1615 enim
690 1569 809 1616 nescimus
828 1570 854 1614 et

232 1638 317 1686 urbem

174 1710 201 1756 et
210 1723 295 1765 genus,
305 1707 430 1763 auditique
439 1708 567 1756 advertitis
577 1723 680 1763 aequore
690 1707 806 1764 cursum),

175 1776 233 1832 quid
242 1776 343 1832 petitis?
370 1791 431 1831 quae
442 1792 515 1824 causa
524 1778 589 1824 rates
598 1778 642 1822 aut
652 1776 720 1823 cuius
730 1777 829 1832 egentes

174 1844 234 1892 litus
245 1845 275 1892 ad
284 1845 420 1892 Ausonium
429 1846 467 1892 tot
476 1862 520 1901 per
529 1847 592 1893 vada
602 1845 699 1893 caerula
707 1845 774 1891 vexit
783 1847 793 1891 t

177 1913 232 1961 Sive
241 1929 323 1961 errore
332 1913 385 1961 viae
396 1929 438 1961 seu
448 1914 633 1970 tempestatibus
643 1914 700 1970 acti,

124 2004 165 2032 200
176 1982 258 2039 qualia
266 1983 346 2030 multa
355 1982 417 2029 mari
427 1985 517 2029 nautae
526 1982 655 2038 patiuntur
664 1982 690 2027 in
700 1980 759 2037 alto,

176 2050 283 2098 fluminis
293 2051 404 2097 intrastis
414 2051 480 2106 ripas
489 2052 609 2106 portuque
619 2049 717 2105 sedetis,

176 2135 207 2167 ne
216 2119 295 2176 fugite
305 2119 436 2175 hospitium
445 2134 506 2166 neve
516 2119 628 2174 ignorate
637 2117 738 2164 Latinos

177 2187 280 2235 Saturni
289 2189 396 2244 gentem,
407 2187 474 2234 haud
483 2186 563 2234 vinclo
573 2202 617 2234 nec
627 2185 720 2242 legibus
731 2200 841 2241 aequam,

177 2258 263 2313 sponte
273 2272 318 2303 sua
326 2256 462 2311 veterisque
472 2255 510 2302 dei
521 2271 546 2302 se
556 2270 622 2302 moro
632 2255 765 2302 tenentem.

176 2325 258 2381 Aque
268 2325 377 2381 equidem
387 2325 485 2373 memini
496 2324 573 2380 (fama
582 2325 619 2370 est
629 2322 753 2369 obscurior
762 2321 842 2377 aunis)

175 2394 304 2441 Auruncos
313 2393 349 2440 ita
358 2393 422 2441 terre
433 2408 510 2448 senes,
520 2393 558 2438 his
569 2394 637 2438 ortus
648 2393 677 2437 nt
687 2389 752 2446 agris

176 2464 308 2582 Das-(denus
317 2461 403 2510 Idaeas
412 2461 534 2518 Pbrygiae
544 2459 678 2516 penetrarit
688 2459 719 2506 ad
728 2458 799 2505 urbes

243 2546 280 2582 ²73
