1972 3164
365 149 389 190 P.
402 148 523 191 VERGILI
536 149 665 190 MARONIS

178 247 239 304 viss,
249 247 344 304 aperire
353 248 438 304 procul
448 248 542 295 montes
552 262 581 295 ae
591 247 686 296 volvere
696 246 801 296 fumum.

179 315 242 363 Vela
251 316 350 373 cadunt,
361 315 433 363 remis
444 315 592 374 insurgimus
608 315 674 362 haud
683 316 858 374 monumentor

180 384 263 430 annixi
272 385 387 441 torquent
397 398 495 440 spumas
505 385 531 431 et
540 383 638 431 caerula
647 385 758 432 verrunt.

181 453 312 500 Servatum
320 468 351 502 ex
360 452 431 500 undis
443 452 607 508 Strophadum
616 466 655 499 me
664 452 737 500 litora
746 452 853 508 primum

133 539 172 566 210
182 521 314 577 excipiunt.
343 521 491 576 Strophades
502 520 576 567 Graio
586 521 654 567 stunt
663 520 760 568 nomine
768 521 849 569 diotae

180 589 274 636 insulae
284 588 352 636 Ionio
361 588 387 635 in
397 603 494 645 magno,
505 603 565 644 quas
575 588 628 636 dire
643 588 747 636 Celaeno

181 657 350 713 Harpyiaeque
360 655 444 704 ooluut
456 655 526 713 alies,
538 655 639 704 Phineia
648 658 777 712 postqum

182 724 264 772 olsusu
273 725 368 782 domus,
379 739 522 780 mensasque
532 725 600 772 metu
609 724 700 780 liquere
709 725 810 780 priores.

182 792 287 839 Tristius
296 792 364 839 haud
372 793 421 839 illis
431 794 576 849 monstrum,
587 807 631 840 nse
641 793 735 840 saevior
743 792 795 842 ulls

181 860 257 917 pestis
267 862 292 908 et
301 860 339 907 ira
348 860 420 908 deum
432 860 522 919 Stygiis
532 876 583 908 sese
593 860 681 908 extulit
690 861 771 909 undis.

182 928 291 986 Virginei
300 929 426 977 voluerum
435 928 526 986 vultus,
537 929 675 977 foedissima
681 929 774 976 ventris

182 996 303 1054 proluvies
313 1012 437 1052 uncaeque
447 1012 534 1057 manus
544 998 569 1044 et
578 997 775 1054 padlidosemper

183 1081 226 1113 ors
234 1066 307 1113 fame.

184 1135 241 1182 Huc
251 1133 294 1181 nbi
302 1133 377 1181 delati
385 1133 471 1190 portus
481 1132 635 1191 intravimus,
645 1148 700 1182 soce

137 1224 175 1251 οπο
184 1203 251 1251 laetu
258 1203 331 1250 boum
342 1202 431 1259 passim
441 1202 532 1258 eampis
542 1204 654 1250 armenta
662 1202 772 1250 videmus

185 1271 387 1328 caprigenumque
397 1284 469 1326 pecus
479 1270 547 1317 nullo
556 1270 655 1318 custode
665 1285 709 1326 per
718 1270 815 1318 herbas.

185 1339 306 1388 Inruimus
316 1339 390 1394 ferro,
402 1340 427 1385 et
438 1338 503 1385 divos
512 1337 637 1395 ipsumque
647 1353 761 1385 vocamus

183 1407 211 1455 in
220 1410 315 1465 partem
325 1406 485 1462 praedamque
495 1407 591 1453 Iovem:
605 1407 659 1453 tum
669 1406 741 1454 litore
750 1420 825 1453 ourvo

185 1476 377 1531 exstruimusque
388 1477 454 1522 toros
464 1474 612 1530 dapibusque
621 1474 749 1530 epulamur
758 1473 853 1531 opimis.

185 1544 221 1592 At
231 1544 325 1592 subitae
335 1543 447 1591 horrifioo
454 1542 525 1599 lapsu
535 1542 696 1590 dementibus
707 1543 797 1589 adsunt

186 1613 310 1669 Harpyiae
319 1613 345 1660 et
354 1612 448 1669 mugnis
458 1611 571 1667 quatiunt
581 1609 734 1668 clangoribus
744 1610 804 1667 ales,

186 1681 349 1736 diripiuntque
359 1681 432 1736 dapes
442 1681 602 1735 eontuotuque
611 1678 693 1726 omnia
701 1678 803 1726 foedant

185 1749 317 1805 immundo,
331 1751 385 1795 tum
394 1764 442 1796 vox
450 1750 558 1795 taetrum
569 1748 622 1794 dira
631 1747 696 1794 inter
704 1747 811 1795 odorem.

186 1819 294 1864 Rursum
303 1817 329 1863 in
339 1833 434 1865 secessu
441 1818 513 1874 longo
524 1817 568 1864 sub
577 1831 637 1872 rupe
648 1817 743 1872 oavata,

141 1912 178 1952 ²30
187 1885 312 1934 arboribus
323 1885 405 1933 clausa
415 1886 506 1934 oiroum
516 1887 588 1941 atque
596 1883 750 1932 horrentibus
759 1883 863 1941 umbris,

186 1954 329 2001 instruimus
340 1970 435 2001 mensas
446 1955 540 2010 erisque
550 1953 688 2008 reponimus
698 1951 793 2008 ignem:

187 2039 285 2071 rursum
294 2039 324 2070 ex
334 2023 428 2070 diverso
438 2023 499 2071 caeli
507 2023 630 2078 oeeoisque
640 2020 739 2068 latebris

187 2092 262 2139 turba
271 2107 358 2140 sonans
368 2092 483 2148 praedam
492 2091 594 2148 pedibus
603 2089 761 2138 circumvolat
770 2087 848 2145 uncis,

188 2161 275 2217 polluit
285 2176 325 2208 ore
334 2161 416 2217 dapes.
447 2160 521 2208 Sociis
530 2162 590 2207 tuno
600 2175 669 2206 arma
678 2159 807 2213 capessant

189 2229 263 2286 edioo,
274 2231 299 2277 et
309 2229 362 2277 dira
370 2230 460 2276 bellum
469 2244 524 2277 oum
533 2230 606 2286 gente
615 2226 755 2285 gereudmn.

189 2297 265 2343 Haud
274 2313 341 2345 seous
351 2313 379 2345 ao
388 2297 447 2345 iussi
460 2297 562 2351 faciunt,
572 2297 695 2350 tectosque
708 2310 753 2349 per
761 2291 864 2341 herbam

189 2365 320 2421 disponunt
330 2382 398 2414 enses
406 2368 432 2413 et
442 2367 512 2413 souta
521 2364 624 2412 latentia
633 2363 749 2411 eondunt.

189 2434 257 2493 Ergo
266 2435 307 2482 ubi
316 2436 427 2492 delapsae
436 2433 542 2482 sonitum
552 2449 595 2489 per
604 2447 680 2480 curva
688 2431 775 2479 dedere

236 2503 306 2552 (170)
