1972 3164
421 168 531 208 AENEIS.
557 171 600 210 XII

173 267 209 314 Ac
218 265 286 313 velut
295 265 388 322 ingenti
399 264 449 313 Sila
458 280 581 313 summove
591 265 705 314 Taburno

173 350 228 383 cum
238 335 286 381 duo
295 334 415 382 conversis
425 334 523 381 inimica
532 334 558 380 in
569 334 661 389 proelia
669 334 735 381 tauri

171 403 294 450 frontibus
304 403 433 450 incurrunt
443 421 449 459 ;
464 402 545 458 pavidi
555 417 646 450 cessere
655 403 767 459 magistri
776 421 782 458 3

173 473 223 518 stat
230 485 302 526 pecus
309 470 847 527 omnemetumutum,mussantqpeiuvencae,

173 538 226 594 quis
230 538 321 585 nemori
325 539 530 595 imperitet,quem
535 539 588 585 tota
592 540 848 594 armentasequantur3

124 623 161 660 720
172 605 208 653 illi
217 607 283 653 inter
293 621 343 654 sese
353 607 431 653 multa
440 607 465 653 ri
474 607 576 653 vulnera
584 607 693 664 miscent,

171 689 309 730 cornuaque
319 674 400 721 obnixi
408 674 513 731 infigunt
523 677 548 721 et
558 674 675 731 sanguine
685 675 754 730 largo

171 744 234 791 colla'
242 758 368 799 armosque
377 743 461 790 lavant
470 763 476 800 ς
492 743 585 802 gemitu
594 759 679 792 nemus
688 759 758 791 omne
768 759 847 791 remu-

170 896 219 927 non
229 880 301 927 aliter
311 881 372 928 Tros
382 881 476 928 Aeneas
484 882 509 928 et
519 880 629 928 Daunius
639 879 709 928 heros

170 952 319 997 concurrunt
328 950 424 1007 clipeis;
436 951 522 1007 ingens
532 949 616 1006 fragor
626 949 726 996 aethera
732 949 845 1004 complet.

170 1018 281 1074 Iuppiter
290 1019 341 1074 ipse
351 1018 410 1065 duas
420 1020 523 1074 aequato
532 1017 641 1065 examine
650 1017 731 1063 lances

170 1088 283 1144 sustinet,
294 1089 318 1136 et
328 1087 382 1134 fata
391 1087 494 1143 imponit
503 1087 599 1133 diversa
609 1085 720 1139 duorum,

169 1170 239 1212 quem
250 1155 348 1202 damnet
358 1155 427 1202 labor
436 1157 461 1202 et
470 1169 518 1209 quo
526 1154 614 1209 vergat
623 1151 728 1205 pondere
737 1149 822 1196 letum.

170 1222 268 1269 Emicat
276 1223 324 1279 hic,
334 1223 433 1276 impune
442 1224 541 1276 putans,
552 1222 577 1265 et
588 1233 686 1272 corpore
696 1219 749 1264 toto

170 1289 220 1336 alte
230 1289 352 1335 sublatum
363 1288 487 1343 consurgit
497 1287 594 1333 Turnus
604 1284 630 1330 in
639 1300 720 1332 ensem

122 1375 160 1413 730
170 1360 195 1404 et
204 1357 277 1414 ferit;
291 1356 428 1404 exclamant
438 1355 512 1402 Troes
521 1353 655 1409 trepidique
665 1353 756 1409 Latini,

170 1426 325 1481 arrectaeque
335 1423 460 1471 amborum
470 1421 541 1470 acics.
571 1422 606 1468 At
615 1422 720 1476 perfidus
730 1419 794 1468 ensis

170 1494 295 1550 frangitur
304 1492 329 1539 iu
339 1491 463 1546 medioque
473 1490 598 1537 ardentem
607 1490 695 1537 deserit
704 1489 794 1543 ictu,-

169 1563 195 1608 ni
204 1562 264 1619 fuga
274 1560 379 1607 subsidio
389 1559 482 1606 subeat.
512 1558 587 1614 Fugit
596 1558 661 1604 ocior
670 1558 747 1612 Euro,

169 1633 198 1677 ut
208 1630 321 1686 capulum
331 1629 441 1685 ignotum
451 1627 608 1680 dextramque
619 1625 712 1681 aspexit
718 1625 844 1673 inermem.

168 1701 246 1746 Fama
256 1699 293 1746 est
303 1697 527 1754 praecipitem,cum
534 1693 612 1749 prima
619 1693 644 1740 in
653 1692 743 1759 proeiia
750 1692 846 1740 iunctos
907 1708 911 1715 ·

169 1765 344 1815 conscendebat
353 1780 433 1823 equos,
444 1764 525 1821 patrio
534 1776 647 1810 mucrone
657 1761 749 1819 relicto,
887 1820 890 1827 ,

169 1836 227 1883 dum
237 1835 351 1891 trepidat,
362 1834 455 1882 ferrum
465 1832 565 1889 aurigae
574 1831 682 1887 rapuisse
691 1829 796 1877 Metisci.
876 1871 880 1879 .

169 1904 244 1960 quue
254 1904 304 1961 diu,
315 1904 373 1950 dum
383 1905 453 1960 terga
462 1902 555 1949 dabant
564 1899 673 1956 palantia
683 1898 780 1954 Teucri,

168 1972 276 2020 suffecit:
284 1974 408 2028 postquam
417 1967 843 2020 armadeiaqulcaniaventumest‚

122 2059 158 2095 7⁴0
168 2041 278 2087 mortalis
288 2055 372 2086 mucro
381 2038 469 2095 glacies
479 2052 523 2083 eeu
532 2036 622 2082 futtilis
631 2034 683 2080 ictu

169 2107 273 2154 dissiluit
281 2125 287 2161 ;
301 2106 370 2151 fulva
378 2103 532 2158 resplendent
542 2099 664 2155 fragmina
673 2098 780 2143 harena:

168 2188 226 2229 crgo
235 2187 318 2218 umens
328 2170 423 2217 diversa
430 2169 491 2223 fuga
500 2166 561 2221 petit
571 2179 676 2220 aequora
684 2163 782 2209 Turnus

169 2244 194 2289 et
203 2256 269 2287 nunc
278 2239 334 2294 huc,
344 2238 400 2284 inde
409 2237 457 2282 huc
466 2235 569 2281 incertos
579 2232 688 2287 implicat
698 2229 767 2276 orbes
776 2247 782 2284 ;

169 2310 274 2364 undique
283 2307 348 2355 enim
358 2307 432 2354 densa
442 2302 530 2350 Teucri
538 2301 657 2349 inclusere
668 2313 764 2354 corona,

168 2381 241 2435 atque
251 2377 307 2423 hinc
316 2378 388 2423 vasta
395 2372 473 2429 palus,
479 2371 535 2417 hinc
545 2370 622 2417 ardua
630 2366 725 2414 moenia
734 2365 842 2421 cingunt.

196 2448 248 2494 Nec
258 2445 338 2492 minus
347 2446 451 2498 Aeneas,
462 2453 606 2495 quamquam
616 2436 716 2484 tardata
725 2433 815 2490 sagitta

217 2515 288 2564 (427)
