1972 3164
404 162 553 203 BUCOLICA.
578 163 622 203 VII

172 253 251 308 audiit
262 259 368 306 Eurotas
378 258 494 316 iussimus
504 261 608 308 ediscere
617 260 707 318 lauros,

171 329 213 376 ille
223 328 303 384 canit3
318 327 401 384 pulsae
411 328 521 376 referunt
532 329 563 375 ad
573 329 651 376 sidera
660 330 748 386 valles3

171 408 257 450 cogere
267 393 342 439 donec
352 407 407 438 oves
416 393 517 439 stabulis
528 408 701 448 numerumque
711 395 802 441 referre

170 461 242 508 iussit
252 462 278 507 et
287 461 363 506 invito
373 461 489 516 processit
498 462 591 516 Vesper
601 461 710 518 Olympo.

385 782 535 855 nonoon
563 784 633 836 vn.

221 901 399 948 Mnnrnonus.
458 901 603 950 Conrnon.
663 904 796 951 anns1s.

171 1009 208 1055 M.
243 1008 378 1100 FORTE
389 1007 433 1055 sub
444 1009 532 1063 arguta
545 1010 686 1056 consederat
700 1011 754 1057 ilice
764 1009 847 1064 Daph·

344 1091 380 1122 ms

170 1111 389 1200 compulerantque’
409 1159 494 1200 greges
516 1145 626 1200 Corydon
649 1147 674 1192 et
698 1145 798 1200 Thyrsis
821 1145 846 1191 in

170 1229 345 1339 Thyilnd'ldldtes
357 1281 468 1337 Corydon
479 1281 598 1328 distentas
608 1281 672 1327 lacte
682 1281 794 1336 capellas,

169 1349 241 1397 ambo
250 1349 362 1396 florentes
373 1348 504 1404 aetatibus,
514 1349 623 1395 Arcades
635 1347 714 1404 ambo,

169 1417 196 1464 et
206 1419 305 1464 cantare
315 1431 386 1472 pares
396 1418 421 1462 et
431 1415 576 1470 respondere
585 1415 674 1470 parati.

170 1485 228 1532 Huc
237 1485 305 1541 mihi,
316 1486 374 1532 dum
385 1486 483 1531 teneres
493 1484 596 1532 defendo
606 1500 622 1530 a
631 1484 721 1541 frigore
731 1487 831 1542 myrtos,

169 1554 208 1601 vir
231 1554 311 1610 gregis
335 1554 386 1609 ipse
410 1568 482 1608 caper
505 1553 676 1610 deerraverat;
704 1555 777 1609 atque
802 1570 847 1610 ego

226 1621 351 1677 Daphnim

169 1689 268 1746 aspicio.
298 1689 343 1737 Ille
352 1689 394 1736 ubi
404 1705 443 1737 mo
453 1692 539 1738 contra
549 1691 623 1748 videt,
635 1690 739 1748 ‘Ocins,'
750 1692 838 1747 inquit,

170 1759 234 1806 ‘huc
244 1759 309 1814 ades,
320 1773 335 1806 o
344 1758 462 1806 Meliboee
470 1779 476 1816 ;
490 1775 563 1815 caper
572 1760 618 1806 tibi
628 1758 709 1806 salvus
719 1762 744 1806 et
753 1760 824 1806 haedi
833 1778 839 1814 3

133 1838 158 1863 ¹⁰
169 1829 204 1884 et,
215 1827 303 1882 siquid
313 1842 405 1874 cessare
415 1829 492 1884 potes,
503 1827 624 1883 requiesce
635 1827 680 1875 sub
690 1828 784 1875 umbra.

170 1897 228 1943 Huc
237 1896 284 1952 ipsi
294 1897 377 1951 potum
388 1896 485 1943 venient
494 1912 538 1952 per
547 1898 621 1952 prata
629 1896 738 1953 iuvenci;

169 1965 209 2012 hic
218 1965 308 2012 virides
317 1965 402 2012 tenera
411 1965 532 2020 praetexit
541 1964 677 2011 harundine
687 1965 751 2020 ripas

169 2033 284 2089 Mincius,
295 2047 354 2088 eque
364 2047 434 2079 sacra
442 2033 558 2079 resonant
568 2031 680 2079 examina
689 2033 795 2087 quercu!

170 2101 235 2158 Quid
246 2102 367 2149 tacerem?
395 2115 471 2156 neque
484 2115 529 2157 ego
541 2101 661 2156 Alcippen
674 2116 719 2147 nec
733 2100 847 2156 Phyllida

226 2170 353 2226 habebam,

170 2237 282 2294 depulsos
291 2255 307 2286 a
315 2238 379 2286 lacte
389 2238 453 2286 domi
462 2253 523 2293 quae
534 2237 657 2284 clauderet
667 2251 751 2296 agnos,

169 2308 196 2353 et
206 2307 329 2354 certamen
339 2309 393 2354 erat
403 2307 513 2361 Corydon
527 2322 582 2353 cum
593 2305 710 2361 Thyrside
721 2321 844 2361 magnum.

172 2373 306 2422 Posthabui
315 2377 399 2423 tamen
407 2375 504 2421 illorum
515 2391 570 2422 mea
580 2375 643 2422 seria
652 2373 718 2420 ludo.

358 2467 382 2499 tc.
404 2462 491 2499 ‘referri’
499 2464 554 2498 codd.
561 2462 659 2498 nonnulli.

218 2516 277 2563 (27)
