1972 3164
320 186 431 228 AENEIS.
457 188 480 228 II

59 280 139 328 staret
148 296 231 340 equus,
242 284 296 331 toto
305 288 439 333 sonnerunt
449 287 547 335 aethere
555 288 638 336 nimbi.

60 349 177 405 Suspensi
186 351 337 409 Eurypylum
348 354 477 401 scitantem
487 356 585 403 oracula
594 357 685 405 Phoebi

59 417 190 476 mittimus,
200 419 267 476 isque
276 421 355 478 adytis
365 423 425 470 haec
435 424 516 471 tristia
526 425 592 472 diota
601 429 725 482 reportat:

59 485 199 544 ‘Sanguine
209 488 322 544 placastis
332 493 417 538 ventos
426 494 452 540 ct
462 492 554 548 virgine
564 509 643 553 caesa,

58 570 115 603 cum
126 555 230 611 primum
240 556 334 616 Idaeas,
346 560 434 617 Danai,
445 561 544 608 venistis
554 563 585 609 ad
595 579 665 610 oras:

58 623 178 681 sunnine
185 627 314 681 quaerendi
324 628 424 685 reditus,
436 629 561 685 animaque
571 630 691 678 litandum

58 693 191 750 Argolica)
222 695 296 752 Vulgi
305 711 366 752 quae
376 713 423 744 vox
432 698 460 743 ut
470 698 536 745 venit
546 700 577 746 ad
586 715 665 757 aures,

10 779 48 807 120
58 761 206 818 obstupuere
216 763 298 821 animi,
309 764 448 820 gelidusque
458 767 559 821 perime
572 769 679 815 cucurrit

59 845 115 878 oasa
124 832 225 888 tremor,
236 833 276 880 cui
285 833 339 879 fata
348 835 444 891 parent,
454 849 524 890 quem
534 838 617 890 poscat
626 837 721 892 Apollo.

59 900 109 947 Hic
119 899 219 947 Ithacus
229 903 311 948 vatem
320 917 410 958 magno
420 902 554 950 Calchanta
562 905 672 951 tumultu

58 969 182 1024 protrahit
191 968 217 1014 in
227 970 317 1017 medios
327 991 333 1018 ε
348 986 409 1026 quae
419 971 468 1018 sint
478 987 507 1018 ea
516 972 617 1019 numina
627 973 719 1029 divum,

58 1036 164 1093 flagitat.
194 1037 228 1083 Et
238 1038 298 1084 mihi
307 1039 356 1085 iam
366 1038 438 1085 multi
447 1040 544 1089 crudele
554 1041 673 1088 canebant

58 1105 159 1152 artificis
169 1105 247 1153 soclus
256 1108 282 1154 et
291 1106 361 1154 taciti
370 1109 474 1154 ventmn
483 1108 604 1156 ridebant.

58 1173 103 1221 Bis
114 1175 198 1230 quinos
208 1175 263 1222 silet
272 1175 314 1222 ille
323 1176 373 1223 dies
383 1177 508 1232 tectusque
517 1179 614 1224 recusat

56 1243 160 1299 prodere
168 1258 225 1291 voce
236 1259 280 1291 sua
289 1260 433 1301 quemquam
443 1246 487 1291 aut
497 1260 616 1300 opponere
626 1246 707 1292 morti.

57 1311 108 1358 Vix
117 1312 225 1369 tandem,
238 1313 333 1370 magnis
342 1313 426 1360 Ithaci
435 1313 581 1360 clamoribus
591 1314 669 1370 actus,

58 1379 192 1435 composito
200 1382 293 1437 rumpit
305 1397 396 1439 vocem,
407 1382 433 1428 et
442 1396 481 1428 me
491 1380 598 1427 destinat
607 1395 672 1428 arce.
731 1407 736 1415 ι

10 1471 48 1507 130
57 1450 190 1497 Assensere
200 1465 291 1507 omnes,
302 1450 327 1496 et
337 1465 399 1506 quac
409 1449 454 1496 sibi
464 1448 562 1504 quisque
571 1448 673 1495 timebat

57 1517 132 1565 unius
141 1517 168 1564 in
177 1517 259 1566 miseri
268 1518 369 1565 exitium
380 1532 496 1565 conversa
504 1517 590 1564 tulere.

56 1586 159 1641 Iamque
168 1586 218 1633 dies
227 1585 329 1633 infanda
339 1587 438 1634 aderat:
449 1585 509 1631 mihi
519 1600 589 1632 sacra
599 1584 680 1640 parari

57 1655 84 1701 et
95 1653 173 1702 salsae
183 1654 268 1711 fruges
278 1657 304 1702 et
314 1655 405 1702 circum
414 1656 525 1709 tempora
534 1654 619 1702 vittae.

58 1722 156 1780 arripui,
167 1723 257 1780 fateor,
267 1723 316 1771 leto
325 1738 364 1770 me
374 1725 399 1770 et
409 1722 506 1770 vincula
515 1723 578 1780 rupi,

55 1793 188 1848 limosoque
197 1793 253 1840 lacu
262 1793 410 1848 pernoctem
420 1791 537 1839 obscurus
547 1791 574 1838 in
584 1792 641 1839 ulva

56 1861 152 1918 delitui,
163 1862 220 1908 dnm
230 1860 285 1908 vela
293 1861 388 1916 darent,
399 1859 420 1907 si
428 1860 494 1907 forte
504 1860 635 1907 dedissent.

57 1932 112 1979 Nec
121 1929 182 1977 mihi
190 1929 239 1976 iam
247 1929 354 1985 patriam
364 1928 490 1984 antiquam
500 1944 554 1984 spes
563 1929 615 1975 nlla
624 1929 721 1975 ridendi

56 2016 102 2048 nec
112 1999 194 2048 dulces
203 2001 275 2045 natos
284 1999 473 2054 exoptatumque
484 1999 609 2053 parentem
618 2016 624 2053 3

57 2083 118 2124 quos
127 2067 164 2115 illi
172 2068 224 2114 fors
233 2068 258 2114 et
269 2082 356 2122 poenus
366 2066 397 2112 ob
406 2067 491 2113 nostra
500 2066 625 2121 reposcent

11 2151 49 2187 ¹40
58 2137 158 2194 effugia,
169 2139 194 2184 et
204 2136 300 2191 culpam
310 2135 373 2182 banc
382 2135 524 2182 miserorum
534 2135 613 2180 morte
626 2133 737 2188 piabunt.

59 2205 130 2262 Quod
139 2207 164 2251 te
173 2219 217 2260 per
226 2218 324 2259 superos
334 2205 360 2250 et
369 2203 463 2249 conscia
472 2202 572 2248 numina
580 2200 640 2254 veri,

60 2273 186 2331 persique
196 2274 233 2320 est
241 2287 302 2328 quae
310 2272 386 2318 restet
396 2271 476 2317 adhuc
485 2269 628 2316 mortalibus
637 2282 738 2322 usquam

59 2343 207 2390 intemerata
216 2341 285 2397 fides,
296 2355 347 2396 oro,
357 2338 472 2385 miserere
481 2337 592 2384 laborum

60 2413 195 2467 tantorum,
205 2408 319 2456 miserere
328 2406 404 2454 animi
413 2421 462 2453 non
472 2405 547 2462 digna
555 2402 684 2450 ferentis.”

89 2480 95 2502 ‘
104 2479 152 2526 His
156 2477 262 2526 lacrimis
267 2477 343 2523 vitam
350 2475 446 2530 damus,
453 2476 478 2521 et
484 2471 658 2520 miserescimus
665 2471 737 2518 ultro.

109 2547 180 2596 (141)
