1972 3164
369 330 392 370 P.
405 329 525 371 VERGILI
538 329 668 371 mom

180 427 292 476 ‘Summe
302 428 382 485 deum,
393 428 472 476 sancti
482 429 563 475 custos
574 427 681 475 Soractis
692 427 791 487 Apollo,

179 511 251 551 quem
258 496 331 552 primi
338 495 446 552 colimus,
457 499 496 542 cui
506 495 592 551 pineus
602 494 676 546 ardor
685 509 776 542 acervo

180 566 296 622 pascitur,
307 568 332 612 et
341 564 445 611 medium
455 563 512 610 freti
522 563 614 619 pietate
623 578 668 618 per
676 562 760 620 ignem

180 633 285 681 cultores
294 633 373 679 multa
382 632 512 688 premimus
522 630 626 688 vestigia
635 646 726 689 pruna,

181 700 221 758 da,
231 703 310 758 pater,
320 702 365 748 hoc
375 700 464 748 nostris
474 699 564 747 aboleri
573 699 677 746 dedecus
691 701 776 758 armis,

133 783 170 821 790
181 769 340 825 omnipotens.
370 768 427 815 Non
437 767 536 814 exuvias
545 767 660 823 pulsaeve
668 770 800 824 tropaeum

180 836 281 893 virginis
290 837 334 883 aut
344 835 420 891 spolia
428 835 480 882 ulla
489 836 546 891 pcto
554 853 560 890 ;
574 834 634 881 mihi
644 837 727 882 cetera
735 835 834 883 laudem

179 905 247 953 iacta
255 904 348 960 ferent3
363 904 422 951 haec
432 903 486 951 dira
495 918 549 950 meo
558 902 616 949 dum
626 903 728 950 vulnere
738 904 814 959 pestis

179 973 251 1030 pulsa
260 973 340 1028 cedat,
351 971 444 1028 patrias
453 971 566 1020 remeabo
574 972 694 1028 inglorius
704 972 795 1022 urbes!

180 1041 265 1088 Audiit
274 1042 299 1088 et
308 1039 360 1087 voti
369 1036 481 1088 Phoebus
491 1040 618 1088 succedere
627 1042 725 1096 partem

180 1111 262 1157 mente
271 1109 345 1167 dedit,
356 1110 452 1165 partem
461 1108 570 1157 volucres
580 1109 695 1164 dispersit
705 1109 731 1156 in
740 1124 830 1158 auras:

181 1179 302 1226 sterneret
311 1179 340 1224 ut
349 1177 431 1224 subita
439 1177 567 1225 turbatam
576 1179 655 1224 morte
665 1178 806 1235 Camillam,

181 1247 269 1294 annuit
278 1245 373 1303 oranti;
387 1246 500 1294 reducem
510 1247 538 1292 ut
547 1246 629 1301 patria
637 1246 691 1293 alta
700 1247 806 1303 videret,

181 1330 231 1361 non
240 1315 314 1370 dedit,
324 1314 396 1370 inque
406 1315 475 1360 notos
485 1328 568 1360 vocem
578 1315 673 1360 vertere
684 1315 815 1370 procellae.

183 1383 250 1440 Ergo
256 1385 285 1430 ut
293 1382 447 1429 missamanu
454 1381 560 1428 sonitum
567 1381 633 1428 dedit
643 1381 717 1429 hasta
726 1398 773 1438 per
780 1397 860 1438 auras,

134 1455 172 1496 800
182 1452 323 1498 convertere
332 1450 425 1497 animos
435 1464 503 1496 acres
513 1449 640 1504 oculosque
649 1449 730 1496 tulere

182 1523 264 1570 cuncti
273 1522 305 1569 cd
314 1521 424 1580 reginam
434 1522 524 1570 Volsci.
553 1520 622 1569 Nihil
631 1521 686 1577 ipsa
695 1537 742 1570 nec
751 1537 828 1571 aurae

181 1605 226 1638 nec
236 1590 329 1638 sonitus
338 1606 430 1638 memor
437 1592 482 1638 aut
491 1589 609 1637 venientis
620 1589 651 1636 ab
660 1590 764 1637 aethere
773 1589 825 1646 teli,

180 1658 254 1706 hasta
264 1658 308 1705 sub
318 1661 439 1706 exsertam
448 1659 524 1707 donec
534 1658 630 1715 perlata
639 1658 759 1713 papillam

181 1726 268 1784 haesit,
278 1727 460 1784 virgineumque
470 1728 520 1775 alte
530 1727 591 1774 bibit
600 1728 657 1774 acta
667 1742 789 1774 cruorem.

183 1795 338 1842 Concurrunt
345 1796 455 1851 trepidae
465 1798 564 1843 comites
574 1795 744 1850 dominamque
750 1795 862 1842 ruentem

182 1862 325 1917 suscipiunt.
355 1863 432 1920 Fugit
442 1865 500 1910 ante
510 1878 592 1911 omnes
602 1863 738 1910 exterritus
748 1864 854 1919 Arruns,

180 1929 276 1976 laetitia
285 1930 408 1985 mixtoque
418 1933 494 1987 metu,
505 1947 549 1978 nec
558 1932 607 1978 iam
617 1931 723 1986 amplius
734 1931 822 1978 hastae

182 1997 279 2046 credere
288 2012 333 2044 nec
342 1998 398 2043 telis
407 2013 533 2046 occurrere
544 1999 645 2056 virginis
654 2000 739 2047 audet.

182 2067 220 2114 Ac
229 2065 296 2113 velut
305 2065 354 2122 ille,
366 2065 433 2120 prius
443 2081 516 2121 quam
526 2068 576 2114 tela
585 2067 684 2114 inimica
694 2069 838 2123 sequantur,

135 2151 172 2190 810
184 2135 298 2184 continuo
306 2134 332 2181 in
342 2136 436 2180 montes
446 2149 496 2181 sese
507 2136 575 2180 avius
586 2136 680 2182 obdidit
690 2135 755 2182 altos

183 2205 260 2253 occiso
270 2204 366 2260 pastore
376 2202 450 2258 lupus
461 2219 578 2260 magnove
588 2204 698 2261 iuvenco,

184 2274 292 2323 conscius
303 2272 400 2320 audacis
409 2271 479 2328 iacti,
490 2272 639 2328 caudamque
648 2271 787 2319 remulcens

183 2342 285 2390 subiecit
295 2341 446 2398 pavitantem
455 2343 525 2387 utero
533 2341 652 2396 silvaeque
663 2340 753 2395 petivit
763 2361 769 2387 :

182 2411 250 2457 hand
260 2426 328 2457 secus
338 2427 367 2457 ex
377 2409 451 2456 oculis
462 2423 486 2455 se
496 2409 608 2455 turbidus
619 2407 722 2455 abstulit
732 2409 841 2466 Arruns,

183 2481 359 2535 contentusque
369 2479 428 2534 fuga
438 2477 521 2523 mediis
531 2493 556 2523 se
566 2476 697 2523 immiscuit
707 2478 793 2524 armis.

183 2546 232 2592 Illa
241 2562 315 2593 manu
325 2546 427 2593 moriens
437 2545 513 2592 telum
522 2544 608 2600 trahit,
619 2559 674 2591 ossa
684 2544 726 2591 sed
741 2545 809 2592 inter

183 2613 276 2660 ferrcus
287 2616 319 2662 ad
329 2616 407 2664 costas
417 2614 468 2661 alto
478 2615 529 2661 etat
537 2613 637 2660 vulnere
647 2628 732 2660 mucro
744 2634 750 2660 ι

232 2680 239 2729 (
249 2695 285 2730 400
294 2683 301 2731 )
