1972 3164
431 153 542 194 AENEIS.
566 154 586 194 V

172 244 268 294 irrisam
278 245 330 295 sine
339 247 429 297 honore
438 251 517 297 ratem
528 249 657 309 Sergestus
666 218 762 308 agebat.¹

171 315 256 372 Qualis
266 331 337 374 saepe
347 316 401 364 viae
411 317 543 374 deprensus
552 319 578 366 in
589 335 676 376 aggere
686 336 792 379 serpens,

171 399 243 432 aerea
252 401 323 441 quem
332 386 456 443 obliquum
465 390 521 436 rota
529 388 630 436 transiit
639 391 683 436 aut
692 389 773 445 gravis
783 389 834 438 ictu

171 453 315 502 seminecem
324 455 394 511 liquit
404 470 462 503 saxo
471 456 624 512 lacerumque
633 456 713 504 viator
721 476 728 513 ;

171 522 318 578 nequiquam
326 523 411 580 longos
420 524 516 580 fugiens
526 525 569 572 dat
579 539 677 580 corpore
687 526 778 582 tortus,

171 591 243 645 purte
252 589 322 638 ferox
331 592 465 648 ardensque
475 592 551 640 oculis
561 594 586 640 et
596 593 666 640 sibila
675 593 736 640 colla

172 657 265 705 arduus
275 659 397 718 attollens,
410 676 466 715 pars
476 661 575 708 vnlnere
585 661 671 709 clauda
680 661 789 708 retentat

172 726 300 774 mxantem
309 728 378 775 nodis
388 743 459 784 seque
468 728 494 775 in
502 745 547 776 sua
555 729 664 777 membra
673 730 803 786 plicantem
814 749 819 776 :

126 798 165 838 280
173 794 219 842 tali
229 795 330 852 remigio
338 797 407 843 navis
417 811 442 844 se
452 797 524 845 tarda
534 798 645 845 movebat
654 817 661 855 3

173 864 230 911 vela
238 863 299 911 lacit
308 865 392 912 tamen
401 866 426 912 et
436 864 512 920 plenis
522 866 586 913 subit
596 867 659 914 ostia
668 866 735 914 velis.

175 931 317 989 Sergestum
326 933 421 980 Aeneas
431 934 548 990 promisso
557 950 657 982 munere
667 936 741 982 donat

174 1002 298 1048 servatam
306 1000 338 1048 ob
347 1016 433 1049 navem
443 1001 522 1050 laetus
532 1004 652 1059 sociosque
662 1003 783 1050 reductos.

175 1069 226 1117 Olli
235 1084 306 1116 serva
315 1070 396 1127 datur,
407 1085 506 1126 operum
515 1072 581 1119 hand
590 1072 677 1130 ignara
686 1072 820 1126 Minervae,

175 1137 264 1186 Cressa
272 1153 357 1194 genus,
368 1138 466 1196 Pholoe,
476 1139 614 1196 geminique
623 1139 668 1186 sub
677 1139 750 1186 ubere
760 1137 821 1184 nati.

205 1206 260 1253 Hoc
268 1207 322 1262 pius
331 1206 426 1255 Aeneas
437 1207 509 1254 misso
519 1207 651 1255 certamine
660 1206 739 1253 tendit

175 1275 328 1334 gramineum
347 1275 374 1323 in
392 1291 513 1334 campum,
534 1290 604 1331 quem
627 1274 727 1322 collibus
747 1272 852 1329 undique

234 1359 315 1390 curvis

175 1411 308 1468 cingebant
317 1410 399 1470 silvae,
409 1412 534 1468 mediaque
543 1411 570 1459 in
579 1411 642 1458 valle
649 1410 741 1458 theatri

175 1482 256 1530 cireua
266 1482 327 1537 erat,
338 1497 385 1537 quo
394 1497 420 1529 se
429 1481 513 1528 multis
523 1497 579 1528 cum
588 1479 693 1527 millibus
703 1479 774 1526 heros

129 1571 167 1609 eoo
177 1565 293 1600 consessu
302 1550 406 1597 medium
416 1550 475 1597 tulit
485 1550 654 1604 exstructoque
663 1549 760 1596 resedit.

177 1620 228 1676 hic,
239 1618 281 1674 qui
289 1617 354 1665 forte
363 1618 440 1666 velint
450 1619 535 1675 rapido
545 1617 689 1665 contendere
699 1632 779 1675 cumn,

176 1686 269 1735 invitat
279 1687 363 1742 pretiis
372 1687 472 1744 animos,
483 1688 508 1734 et
518 1687 626 1742 praemia
634 1686 719 1742 ponit·

177 1755 293 1811 Undique
303 1756 448 1802 conveniuut
458 1755 547 1802 Teucri
556 1754 671 1812 mixtique
679 1754 768 1812 Sicani,

177 1824 256 1872 Nisus
263 1825 288 1871 et
298 1823 419 1879 Euryalus
429 1823 509 1879 primi,

178 1891 303 1949 Euryalus
313 1891 392 1939 forma
400 1892 501 1948 insignis
510 1891 626 1947 viridique
635 1892 743 1948 iuventa,

178 1961 256 2009 Nisus
266 1975 348 2007 amore
356 1960 396 2016 pio
405 1960 473 2017 pueri
482 1979 488 2017 3
502 1975 561 2015 quos
571 1960 656 2007 deinde
667 1961 763 2007 secutus

177 2029 263 2088 regius
272 2029 370 2086 egregia
378 2029 471 2076 Priami
480 2028 509 2076 de
520 2028 595 2084 stirpe
605 2028 691 2074 Diores
700 2045 707 2083 ;

178 2099 247 2147 lrunc
264 2098 344 2145 Salius
358 2097 430 2144 simul
443 2099 469 2145 et
482 2097 583 2152 Patron,
595 2110 697 2151 quorum
706 2093 770 2140 alter
780 2092 855 2140 Acar-

238 2182 298 2225 nan,

178 2234 246 2285 alter
255 2235 287 2282 ab
296 2234 401 2282 Arcadio
410 2234 533 2291 Tegeaeae
541 2231 657 2289 sanguine
667 2229 746 2287 gentis
756 2248 762 2286 3

128 2322 168 2361 300
179 2307 236 2354 tum
247 2304 295 2351 duo
305 2303 425 2351 Trinacrii
433 2303 532 2349 iuvenes
541 2300 660 2356 Helymus
671 2299 834 2354 Panopesque,

179 2373 275 2424 assueti
285 2373 359 2430 silvis,
370 2372 468 2420 comites
479 2370 579 2418 senioris
589 2369 692 2416 Acestae
701 2387 707 2424 ;

405 2456 441 2492 att.
461 2465 479 2491 e.
487 2455 500 2491 l.
509 2453 638 2490 'nexantem’

230 2513 239 2561 (
248 2524 285 2560 219
293 2511 302 2560 )
