1972 3164
319 182 430 223 AENEIS.
455 184 475 222 X
532 202 533 205 ¹

58 278 164 327 videns?
194 280 248 327 Hoc
258 280 339 327 dicens
348 282 433 328 eduxit
443 295 542 337 corpore
551 281 628 328 tolum
640 305 645 328 ι

60 348 103 394 3111
113 349 175 394 dura
184 348 250 403 quies
259 349 339 396 oculos
349 351 375 396 et
384 349 479 396 ferreus
489 350 562 405 urget

61 432 168 472 somnus,
178 417 204 463 13
214 419 337 464 aeternam
347 417 495 464 clauduntur
503 416 598 464 lumina
607 418 710 464 noctem.

91 485 206 532 Caedicus
225 486 372 533 Alcathoum
395 486 533 544 obtruncat,
555 487 674 543 Sacrator
690 486 741 541 Hy-

120 552 212 609 daspen

62 621 267 678 Partheniumque
276 623 347 678 Rapo
356 625 381 671 31
391 623 538 679 praedurum
548 623 641 670 viribus
652 622 739 680 Orsen,

61 691 189 746 Messapus
204 691 366 747 Croniumque
376 692 572 748 Lucaoniumque
583 692 739 748 Erichaeten,

14 775 51 815 7⁵0
60 758 130 805 illum
140 759 240 807 infrenis
250 760 304 816 equi
314 760 384 816 lapsu
393 761 481 808 tellure
490 761 617 818 iacentem,

60 827 125 875 hunc
135 828 240 883 peditem
250 828 329 884 pedes.
360 829 394 875 Et
404 829 492 885 Lycius
501 832 651 885 processerat
660 828 731 884 Agis,

61 911 131 950 quem
141 897 223 943 tamen
233 896 299 943 haud
308 897 506 952 expersValerus
512 898 611 944 virtutis
621 897 701 944 avitae

60 963 156 1020 deiicit;
172 966 198 1010 at
208 965 341 1012 Thronium
352 965 431 1012 Salius
442 965 581 1021 Saliumque
591 965 695 1012 Nealces

60 1032 160 1089 insidiis,
171 1033 249 1080 iaculo
258 1036 283 1080 et
292 1034 364 1090 longe
373 1033 476 1080 fallente
486 1034 587 1092 sagitta.

89 1102 143 1147 Iam
152 1102 233 1157 gravis
243 1102 363 1158 aequabat
372 1101 454 1149 luctus
464 1103 490 1148 et
499 1104 586 1148 mutua
596 1101 695 1146 Mavors

61 1168 163 1215 funera:
177 1170 309 1217 caedebant
319 1171 411 1225 pariter
420 1169 558 1225 pariterque
568 1168 675 1215 ruebant

61 1238 165 1284 victores
175 1238 287 1294 victique,
298 1253 373 1293 neque
383 1238 421 1284 his
431 1237 491 1293 iuga
500 1240 559 1284 3313
568 1250 644 1292 neque
653 1236 710 1288 illis.

62 1306 96 1352 Di
105 1306 170 1352 Iovis
179 1305 205 1351 13
215 1306 287 1353 tectis
296 1305 358 1352 iram
368 1305 516 1352 miserantur
525 1306 623 1352 inanem

62 1374 198 1431 amborum,
209 1376 234 1421 31
243 1376 326 1421 tantos
336 1373 480 1421 mortalibus
490 1389 541 1420 esse
551 1374 660 1422 labores:

14 1450 53 1499 760
63 1442 119 1490 hinc
129 1443 221 1500 Venus,
232 1443 289 1489 hinc
299 1444 385 1490 contra
394 1443 489 1498 spectat
499 1442 616 1490 Saturnia
625 1445 697 1500 Iuno,

63 1512 154 1567 pallida
164 1511 294 1567 Tisiphone
304 1510 383 1558 media
392 1511 457 1557 inter
467 1510 542 1556 millia
552 1512 637 1558 saevit.

63 1581 98 1627 At
108 1595 165 1627 vero
174 1580 296 1637 ingentem
307 1579 417 1635 quatiens
427 1579 563 1626 Mezentius
574 1579 670 1626 hastam

62 1649 176 1695 turbidus
185 1650 323 1705 ingreditur
333 1663 425 1704 campo.
456 1647 534 1703 Quam
544 1663 647 1704 magnus
657 1649 740 1706 Orion,

63 1732 118 1763 cum
128 1717 199 1772 pedes
208 1717 298 1764 incedit
307 1716 379 1763 medii
388 1731 432 1771 per
441 1716 545 1762 maxima
555 1716 629 1763 Nerei

63 1787 151 1841 stagna
161 1785 224 1832 viam
235 1785 353 1841 scindens,
364 1799 448 1831 umero
457 1784 619 1839 supereminet
628 1785 714 1842 undas,

63 1855 107 1900 aut
117 1854 216 1900 summis
226 1854 334 1901 referens
344 1868 461 1900 annosam
471 1853 593 1899 montibus
603 1869 691 1900 ornum

62 1921 244 1977 ingrediturque
255 1921 306 1969 solo
315 1924 341 1969 31
350 1924 424 1977 caput
433 1921 499 1968 inter
509 1921 593 1968 nubila
603 1923 685 1969 condit
696 1943 701 1970 =

63 1990 120 2037 talis
130 2006 156 2037 se
165 1992 240 2038 vastis
250 1991 327 2037 infert
336 1991 473 2037 Mezentius
483 1991 564 2036 armis.

65 2059 130 2107 Huic
140 2061 225 2106 eontra
233 2059 337 2114 Aeneas,
348 2058 486 2113 speculatus
495 2058 521 2103 in
531 2056 627 2112 agmine
637 2056 717 2114 longo,

16 2145 55 2183 770
65 2127 148 2174 obvius
158 2127 193 2174 ire
203 2129 282 2182 parat.
312 2127 399 2173 Manet
408 2125 587 2180 imperterritus
596 2122 647 2180 ille,

65 2196 159 2242 hostem
169 2195 350 2250 magnanimum
360 2193 493 2248 opperiens,
504 2194 529 2239 et
538 2191 601 2238 mole
611 2206 656 2237 sua
665 2192 715 2237 stat
724 2211 730 2248 ;

65 2266 139 2318 atque
161 2262 236 2308 oculis
259 2262 364 2317 spatium
393 2275 510 2317 emensus,
535 2260 653 2315 qnantum
682 2255 740 2307 33113

122 2331 206 2376 hastae
217 2350 222 2377 ε

67 2400 73 2420 ‘
83 2399 178 2446 Dextra
187 2397 247 2445 mihi
256 2397 315 2444 deus
324 2398 350 2443 et
359 2396 444 2452 telum,
453 2395 516 2450 quod
525 2394 613 2443 missile
623 2395 692 2453 libro,

290 2483 326 2517 toi.
348 2478 511 2522 ‘insigns’Med

114 2537 123 2583 (
133 2538 183 2586 369>
