1972 3164
365 333 388 373 P.
400 331 522 373 VERGILI
534 331 663 373 meme

178 428 290 487 exierint,
300 429 354 477 tum
364 431 457 488 stringe
467 445 556 488 comas,
566 430 621 477 tum
630 429 744 478 bracchia
751 430 827 480 tonde

179 497 247 556 (ante
259 497 419 546 reformidant
429 498 540 555 ferrum),
549 499 604 545 tum
614 498 715 554 denique
724 498 788 546 dura

132 584 168 622 3⁷0
179 582 264 615 exerce
273 566 374 623 imperia
382 568 407 614 et
417 582 495 613 ramos
505 581 628 622 compesce
637 566 747 615 fluentes.

209 636 335 683 Texendae
345 650 427 690 saepes
434 634 508 682 etiam
518 637 544 682 et
553 650 625 691 pecus
635 649 705 682 omne
714 637 858 695 tenendum,

181 704 308 761 praecipue
314 704 372 751 dum
378 704 445 751 irons
452 705 536 751 tenera
541 703 727 759 imprudensque
733 704 846 752 laborum
851 724 858 762 ;

181 773 220 821 cui
230 788 302 829 super
311 773 422 830 indignas
431 772 521 820 hiemes
531 772 652 827 solemque
661 773 786 828 potentem

181 842 303 890 silvestres
312 841 352 888 uri
361 841 456 888 assidue
466 855 613 896 capreaeque
623 855 735 896 sequaces

180 910 295 967 illudunt,
306 911 440 967 pascuntur
448 924 504 957 oves
514 909 644 964 avidaeque
653 909 776 957 iuvencae.

182 978 285 1035 Frigora
294 993 339 1025 nec
348 979 446 1025 tantum
456 993 517 1025 cana
526 979 639 1025 concreta
648 978 736 1034 pruina

182 1049 225 1094 aut
235 1047 316 1103 gravis
326 1047 465 1094 incumbens
476 1046 578 1102 scopulis
592 1046 717 1093 arentibus
727 1048 816 1104 aestas,

183 1116 300 1171 quantum
310 1115 346 1161 illi
355 1131 457 1162 nocuere
467 1130 552 1172 greges
562 1115 663 1170 durique
672 1129 793 1162 venenum

183 1183 261 1231 dentis
271 1185 295 1230 et
305 1184 416 1230 admorso
426 1183 522 1239 signata
531 1183 556 1229 in
566 1182 641 1238 stirpe
651 1182 759 1230 cicatrix.

134 1259 171 1308 380
183 1252 239 1299 Non
249 1251 321 1298 aliam
331 1251 361 1297 ob
371 1251 466 1306 culpam
476 1251 574 1298 Baccho
584 1265 657 1307 caper
666 1251 777 1300 omnibus
787 1252 837 1300 aris

183 1321 291 1368 caeditur
301 1322 325 1368 et
335 1321 428 1367 veteres
438 1319 523 1366 ineunt
533 1320 673 1375 proscaenia
682 1319 740 1377 ludi,

183 1389 335 1446 praemiaque
345 1388 371 1434 in
381 1390 464 1446 gentes
475 1403 549 1444 pagos
559 1389 584 1435 et
594 1388 699 1444 compita
709 1388 800 1436 circum

184 1458 301 1505 Thesidae
311 1473 419 1514 posuere,
430 1459 502 1512 atque
512 1456 576 1503 inter
586 1456 672 1512 poeula
681 1456 740 1503 laeti

185 1527 295 1574 mollibus
305 1526 331 1573 in
340 1526 417 1583 pratis
427 1528 513 1573 unctos
523 1525 616 1572 saluere
627 1540 669 1580 per
678 1527 754 1572 utres.

184 1596 295 1644 Necnon
304 1595 406 1642 Ausonii
416 1595 488 1642 Troia
497 1608 556 1649 gens
566 1593 640 1640 missa
650 1593 728 1640 coloni

184 1665 292 1711 versibus
302 1663 429 1719 incomptis
439 1662 527 1710 ludunt
536 1662 633 1717 risuque
643 1661 731 1719 soluto,

184 1747 273 1787 oraque
283 1731 410 1779 corticibus
420 1733 519 1777 sumunt
529 1730 649 1777 horrenda
659 1730 760 1786 cavatis,

185 1802 210 1847 ct
219 1802 252 1856 te,
263 1799 367 1855 Bacche,
378 1802 466 1847 vocant
476 1814 519 1856 per
529 1798 637 1846 carmina
646 1798 720 1856 laeta,
731 1798 823 1856 tibique

185 1867 268 1915 oscilla
275 1883 305 1913 ex
315 1867 366 1913 ulta
376 1868 526 1922 suspendunt
536 1867 618 1914 mollia
627 1867 694 1922 pinu.

137 1955 173 1992 390
185 1937 251 1983 Hinc
261 1935 337 1982 omnis
347 1935 416 1991 largo
426 1936 535 1991 pubescit
544 1935 615 1982 vinea
624 1935 686 1992 fetu,

186 2004 337 2060 complentur
346 2003 467 2059 vallesque
477 2019 549 2051 cavae
560 2002 683 2058 sultusquo
694 2003 810 2058 profundi

185 2076 209 2121 et
219 2088 367 2128 quocumque
377 2073 435 2119 deus
445 2072 535 2120 circum
545 2073 619 2127 eaput
629 2072 679 2128 egit
692 2072 832 2122 honestum.

184 2142 251 2198 Ergo
260 2141 307 2188 rite
317 2155 388 2186 suum
397 2140 494 2188 Baccho
504 2140 610 2187 dicemus
619 2141 735 2187 honorem

184 2208 330 2257 carminibus
340 2207 434 2265 patriis,
445 2208 571 2263 lancesque
581 2209 606 2254 et
616 2207 664 2254 liba
673 2207 789 2266 feremus,

184 2279 209 2324 et
219 2278 306 2324 ductus
316 2290 391 2322 cornu
401 2275 476 2322 stabit
487 2290 553 2322 sacer
562 2276 644 2322 hircus
655 2276 686 2322 cd
696 2291 774 2333 aram,

184 2345 329 2402 pinguiaque
336 2343 362 2390 in
372 2343 468 2391 veribus
478 2344 624 2390 torrebimus
634 2346 691 2391 exta
701 2344 816 2393 coturnis.

212 2415 258 2461 Est
268 2413 341 2460 etium
351 2411 391 2458 ille
401 2411 470 2458 labor
480 2412 593 2458 curandis
603 2411 692 2459 vitibus
703 2412 774 2469 alter,

185 2483 224 2530 cui
239 2496 370 2536 numquam
387 2480 499 2527 exhausti
514 2481 573 2527 satis
590 2481 643 2527 est:
668 2496 772 2536 namque
789 2496 861 2528 omne

241 2549 368 2606 quotannis

234 2684 242 2732 (
251 2685 291 2732 68)
342 2637 377 2669 382.
399 2632 509 2674 ‘ingentes'
515 2633 570 2668 codd.
578 2633 619 2668 iere
626 2644 699 2669 omnes.
