1972 3164
365 175 388 212 P.
401 173 521 214 venons
534 172 665 213 MARONIS

179 270 184 292 ‘
195 273 233 319 Ne
242 270 363 328 trepidate
373 285 447 328 meus,
459 270 555 328 Teucri,
566 269 697 318 defendere
706 284 785 318 neves

178 355 239 388 neve
249 341 343 387 usmete
352 354 438 386 monus
447 359 452 386 ε
468 339 546 386 merie
555 339 613 385 ente
622 353 728 386 exurere
737 339 824 396 'Iurno

179 425 252 465 quem
262 423 343 456 sueres
351 408 449 455 debitur
457 408 537 464 pinus.
567 407 617 456 Vos
626 407 662 454 ite
672 407 778 464 solutae,

178 479 213 526 ite
222 478 281 525 deae
290 477 370 534 pelagi
379 497 385 524 ι
399 477 516 524 Genetrix
524 476 609 524 iubet!
640 475 676 522 Et
686 490 735 524 sne.
744 491 852 532 quaeque

180 547 295 594 continuo
304 560 396 602 puppes
405 545 554 602 abrumpunt
563 545 662 592 vincula
671 544 741 602 ripis,

180 614 366 670 delphinumque
375 614 446 661 modo
455 613 569 661 demersis
579 628 686 670 aequore
693 615 783 661 rostris

133 702 171 728 rso
179 683 231 730 ime
239 683 335 738 petunt.
365 682 431 729 Hinc
439 682 562 739 vimineae
572 679 691 736 (mirabile
700 681 849 737 monstrum)

180 752 287 799 reddunt
296 766 321 798 se
330 750 434 797 totidem
443 750 517 798 facies
525 751 647 806 pontoque
656 749 783 806 feruntur,

183 819 253 880 [quot
262 819 329 875 prius
339 819 437 866 ceretae
446 820 566 866 steterant
575 818 606 865 ad
616 817 691 865 litore
699 815 811 876 prorae]

209 888 361 943 Obstupuere
370 887 456 934 enimis
465 887 560 944 Rutuli,
571 885 720 934 conterritus
729 886 782 942 lpse

181 955 287 1003 turbetis
296 956 423 1012 Messapus
432 955 507 1015 equis,
518 956 650 1003 cunctetur
659 956 685 1001 et
694 955 777 1002 amnis

182 1039 257 1072 renea
267 1039 355 1071 sonans
364 1025 508 1080 revocetqne
518 1024 603 1080 pedem
613 1022 746 1070 Tiberinus
755 1021 787 1070 eb
795 1021 854 1069 elto.

183 1093 218 1140 At
227 1107 276 1139 non
285 1092 371 1139 audaci
381 1092 465 1140 Turno
474 1092 563 1140 fiducie
572 1091 659 1154 pessit3

183 1161 249 1207 ultro
258 1160 352 1207 animos
361 1160 426 1208 tollit
436 1160 507 1208 dictis
517 1162 590 1216 emue
599 1159 713 1217 increpet
722 1159 805 1207 ultro:

185 1228 191 1250 ‘
200 1228 316 1276 Troianos
325 1229 385 1277 huec
394 1231 504 1276 monstra
513 1230 601 1285 petunt
610 1247 616 1284 ς
632 1228 670 1275 his
680 1228 796 1284 Iuppiter
804 1227 854 1283 ipse

184 1297 300 1345 auxilium
310 1297 408 1344 solitum
417 1297 506 1354 eripuit
514 1317 521 1354 ς
536 1311 584 1344 non
594 1297 644 1343 tela
653 1310 733 1352 neque
741 1296 812 1353 ignes

185 1367 327 1421 exspectent
336 1365 450 1413 Rutulos.
480 1365 547 1422 Ergo
556 1364 635 1411 meria
643 1364 711 1411 invia
722 1363 825 1421 Teucris

138 1454 175 1491 130
185 1449 230 1482 nec
242 1448 297 1490 spes
311 1433 362 1480 ulle
376 1433 450 1490 fugae
460 1454 466 1482 z
483 1449 564 1481 rerum
579 1447 637 1489 pers
654 1432 735 1480 ultera
750 1433 866 1489 edempts

241 1504 293 1550 est:

185 1571 253 1618 terre
262 1572 344 1618 eutem
353 1569 380 1616 in
389 1570 478 1617 nostris
489 1569 608 1627 menibus,
619 1571 658 1617 tot
667 1569 754 1626 millis,
763 1569 852 1626 gentes

186 1654 254 1686 arma
263 1639 347 1688 ferunt
356 1638 443 1688 Italae.
472 1638 515 1686 Nil
525 1654 563 1686 me
571 1638 659 1687 sutelis
667 1639 772 1694 terrent,

186 1707 206 1755 si
215 1723 263 1763 que
272 1707 381 1763 Phryges
391 1722 450 1762 prce
459 1722 485 1754 se
494 1707 594 1763 iactent,
605 1721 723 1762 responso
731 1706 833 1753 deorum
842 1726 849 1751 e

186 1777 225 1824 set
235 1775 293 1822 fetis
303 1774 438 1830 Venerique
448 1775 541 1832 dutum,
552 1774 655 1833 tetigere
665 1775 729 1830 qnod
738 1789 801 1822 ervo

185 1844 274 1892 fertilis
284 1843 403 1889 Ausoniae
413 1843 495 1891 Troes.
526 1843 588 1890 Sunt
598 1845 624 1890 et
633 1858 687 1889 mee
694 1845 782 1890 contra

185 1913 233 1959 leti
243 1911 309 1968 mihi,
320 1911 385 1958 ferro
395 1911 536 1958 sceleratum
545 1911 683 1960 exscindere
692 1912 801 1968 gentem,

186 1981 286 2036 coniuge
298 1981 440 2035 praerepto:
456 1994 500 2027 nec
509 1980 571 2027 solos
581 1980 662 2036 tangit
672 1979 773 2026 Atrides

185 2049 234 2095 iste
244 2048 319 2104 dolor,
330 2046 432 2102 solisque
441 2047 499 2094 licet
509 2063 594 2103 cepere
604 2062 673 2094 erma
682 2047 802 2103 Mycenis.

141 2133 178 2170 140
188 2115 204 2138 “
214 2117 260 2163 Sed
269 2115 366 2171 periisse
376 2116 449 2162 semel
459 2116 518 2163 setis
528 2117 565 2162 est
575 2117 604 2162 :'’
616 2130 716 2171 peccare
726 2115 816 2163 luisset

189 2186 246 2232 ente
256 2184 323 2240 setis,
335 2183 430 2238 penitus
440 2184 510 2231 modo
520 2199 568 2230 non
578 2198 654 2240 genus
664 2198 735 2230 omne
745 2199 845 2239 perosos

187 2253 326 2300 femineum.
355 2251 446 2307 Quibus
456 2251 516 2299 hece
525 2251 597 2298 medii
605 2251 693 2299 fiducie
703 2251 762 2298 velli

187 2320 353 2375 fossarumque
363 2334 453 2375 morse,
463 2319 507 2367 leti
517 2319 656 2366 discrimine
665 2334 751 2376 parve,

187 2389 248 2436 dent
257 2388 363 2435 animos!
393 2387 429 2434 At
438 2403 486 2434 non
496 2388 608 2434 viderunt
618 2388 714 2436 moenie
723 2389 812 2436 Troiee

237 2511 307 2562 (322)
373 2463 408 2494 143.
429 2468 446 2494 a.
454 2459 467 2494 1.
480 2459 681 2502 'discrimlnepsrvo'
749 2475 751 2480 ·
