1972 3164
286 170 434 213 BUCOLIOA.
458 171 513 212 VIII

90 268 174 324 Incipe
184 267 317 316 Maenalios
328 283 430 327 mecum,
441 284 496 317 mea
504 268 572 327 tibia,
583 285 674 319 versus.

62 338 180 393 Saepibus
189 337 215 383 in
226 337 314 385 nostris
325 354 427 395 parvam
436 340 462 386 te
472 339 567 386 roscida
577 340 641 387 mala

61 407 122 464 (dux
131 422 176 464 ego
186 409 267 453 vester
275 406 350 463 erem)
361 408 412 455 vidi
421 423 476 455 cum
486 409 565 454 matre
574 407 702 464 legentem.

60 475 135 522 Alter
143 474 175 521 ab
184 475 310 522 undecimo
320 476 374 522 tum
383 491 422 523 me
432 476 480 523 iam
491 479 618 532 acceperet
628 493 721 532 annus3

27 567 51 606 ρ
59 543 111 590 iam
120 542 220 602 fragiles
230 546 340 599 poteram
350 544 381 590 ab
390 547 457 592 terra
467 545 608 601 contingere,
614 561 703 592 ramos.

60 612 97 659 Ut
107 611 166 667 vidi,
176 613 205 657 ut
215 612 284 668 perii,
295 613 323 658 nt
333 627 371 659 me
381 613 459 659 malus
469 613 571 660 abstulit
581 629 648 661 error
658 618 662 660 !

88 679 174 735 Incipe
184 679 319 726 Maenalios
329 695 430 738 mecum,
441 697 495 728 mea
504 681 572 738 tibia,
582 697 674 729 versus.

61 748 135 796 Nunc
145 748 194 795 scio
203 749 261 803 quid
270 748 302 795 sit
312 749 397 796 Amor.
427 750 501 796 Duris
511 749 536 796 in
548 750 640 797 cotibus
649 751 719 797 illum

60 818 104 864 aut
115 816 217 863 'Itnaros
227 818 271 863 aut
281 817 396 872 Rhodope
406 820 449 864 ant
459 819 561 864 extremi
575 818 735 865 Garamantes

59 901 105 933 nec
114 885 210 942 generIs
219 886 298 932 nostri
306 901 409 942 puerum
419 900 463 933 nec
473 885 597 942 sanguinis
606 887 690 933 edunt.
755 941 758 946 ,

88 954 172 1009 Incipe
182 953 315 1001 Maenalios
325 969 428 1010 mecum,
439 969 493 1001 meo
501 954 570 1010 tibia,
581 969 673 1001 versus.

59 1023 153 1070 Saevus
162 1023 240 1068 Amor
248 1022 330 1070 docuit
340 1025 453 1070 natorum
463 1022 580 1079 sangnine
590 1025 693 1069 matrem

58 1089 237 1138 commaculare
246 1106 332 1138 manus
341 1111 348 1148 ς
362 1091 465 1138 crudelis
475 1092 505 1137 tu
513 1106 614 1148 qnoque,
625 1093 704 1138 mater
714 1112 719 1137 ι

59 1159 165 1206 crudelis
174 1161 254 1206 mater
263 1159 348 1216 magis,
359 1175 390 1205 an
400 1174 461 1215 pner
469 1158 593 1214 improbus
603 1159 662 1206 ille?

23 1250 48 1288 φ
57 1228 184 1284 improbus
194 1226 234 1274 ille
244 1243 320 1284 pner3
336 1227 439 1286 crudelis
449 1229 588 1283 tuomque,
599 1229 686 1273 meter.

87 1296 171 1351 Incipe
181 1294 314 1342 Maenalios
325 1309 427 1350 mecum,
438 1309 492 1341 men
501 1295 569 1354 tibica,
579 1309 672 1340 versus.

57 1363 132 1412 Nunc
142 1366 167 1411 ct
177 1379 232 1410 oves
241 1364 308 1410 ultro
317 1362 398 1418 fugiat
407 1362 488 1418 lupus,
498 1376 573 1408 aureo
582 1362 657 1408 durae

57 1432 124 1478 mala
133 1432 215 1478 terant
225 1445 336 1486 quercus,
346 1429 453 1476 narcisso
463 1429 548 1476 floreat
558 1429 637 1485 alnus,

58 1499 158 1557 pinguia
168 1499 297 1546 corticibus
308 1499 396 1545 sudent
406 1498 497 1545 electro
506 1497 619 1554 myricae,

57 1569 153 1616 certent
163 1569 188 1615 ct
198 1567 278 1624 cycnis
287 1566 377 1624 niniae,
388 1566 420 1613 sit
431 1566 530 1622 Tiiyrns
540 1566 659 1622 Orpheus,

58 1636 171 1693 thcus
181 1636 206 1682 in
216 1636 291 1692 silvis,
301 1636 367 1682 inter
375 1635 501 1692 delphinos
510 1634 595 1682 Arion.

86 1704 170 1760 Incipe
180 1704 313 1752 Maenalios
323 1719 425 1761 mecum,
435 1720 490 1752 mea
498 1703 567 1761 tibia,
578 1719 669 1751 versus.

58 1772 148 1820 Omnia
157 1773 195 1820 vel
205 1772 310 1820 medium
320 1773 363 1820 flet
374 1789 448 1821 mare.
479 1772 569 1829 Vivite,
580 1772 653 1820 silvae
663 1793 668 1819 :

57 1856 173 1897 praeceps
183 1842 241 1888 aerii
251 1842 349 1897 specula
358 1842 387 1890 de
397 1842 485 1889 montis
494 1841 520 1888 in
530 1841 608 1888 undas

19 1927 47 1966 ⁶0
57 1910 156 1958 deferar
164 1929 170 1966 ς
185 1911 320 1957 extremum
329 1910 374 1958 hoc
384 1926 472 1957 munns
482 1910 606 1957 morientis
615 1909 712 1956 habeto.

87 1978 177 2026 Desine
187 1978 330 2035 Maenalios,
340 1979 389 2026 iam
399 1979 488 2035 desine,
498 1977 567 2034 tibio,
578 1979 679 2024 versus!

87 2047 156 2094 Haec
173 2047 284 2094 Damon:
303 2061 353 2103 vos,
373 2062 433 2102 quoe
452 2046 602 2102 responderit
621 2046 731 2101 Alphesi-

112 2115 194 2172 boens,

56 2183 139 2240 dicite,
150 2183 270 2239 Pierides3
286 2198 334 2230 non
344 2184 424 2230 omnio
434 2198 559 2238 possumus
569 2198 659 2230 omnes.

84 2252 116 2299 A.
146 2251 226 2299 ‘Effer
243 2255 378 2308 squamosi
397 2252 463 2298 molli
480 2253 548 2308 cinge
564 2251 624 2298 haec
642 2250 730 2296 alteria

112 2319 184 2376 vitta,

54 2387 219 2444 verbenasque
229 2388 297 2435 adole
307 2389 407 2445 pingues
417 2391 442 2436 et
452 2386 560 2434 mascula
569 2387 635 2441 tura,

53 2456 163 2513 coniugis
174 2459 202 2504 nt
211 2457 310 2512 magicis
320 2472 389 2505 sanos
399 2457 510 2504 avertere
520 2454 593 2502 sacris

103 2524 161 2572 (3¹)
