1972 3164
353 195 375 232 Ρ.
389 193 509 232 VERGILI
523 193 653 234 MARONIS

165 293 190 338 et
201 290 298 339 tunicae
307 291 414 338 manicas
424 292 449 338 et
459 290 550 338 habent
560 291 704 340 redimicula
714 293 810 342 mitrae.

167 360 188 407 O
206 376 262 407 vere
281 359 403 418 Phrygiae
419 361 504 416 (neque
522 360 586 406 enim
602 360 734 418 Phryges),
751 362 786 409 ite
801 377 842 418 per

168 429 299 555 Dinlilula
310 497 352 543 ubi
361 496 464 544 assuetis
473 497 576 544 biforem
585 497 630 544 dat
639 497 702 546 tibia
712 503 820 557 cantum,

167 570 286 624 tympana
294 581 336 613 vos
344 565 469 621 buxusque
478 567 550 612 vocat
560 565 709 622 Berecyntia
717 569 807 617 Matris

119 644 157 681 620
168 636 269 684 Idaeae:
283 635 354 682 sinite
364 649 433 680 arma
441 633 500 680 viris
510 634 535 680 et
545 633 622 681 cedite
632 634 717 685 ferro?

196 703 266 751 Talia
274 703 406 751 iactantem
415 701 486 749 dietis
496 716 525 748 ae
535 701 589 749 dira
599 706 728 752 canentem

167 788 216 820 non
225 772 284 819 tulit
293 770 421 827 Ascanius,
431 784 552 825 nervoque
561 769 677 819 obversus
687 773 776 830 equino

167 841 273 888 intendit
282 839 359 889 telum
367 839 509 895 diversaque
518 838 633 887 bracchia
642 841 735 895 ducens

168 909 286 966 constitit,
296 910 354 956 ante
364 908 447 955 Iovem
457 906 559 963 supplex
569 923 613 964 per
621 911 680 957 vota
689 913 807 966 precatus
817 931 823 958 z

168 977 175 1000 ‘
184 978 295 1035 Iuppiter
304 976 462 1033 omnipotens,
473 976 605 1024 audacibus
614 970 696 1026 anrue
707 980 809 1036 coeptis.

168 1048 223 1104 Ipse
233 1046 279 1093 tibi
287 1046 320 1093 ad
329 1048 373 1093 tua
386 1045 478 1101 temple
487 1041 566 1094 feram
576 1045 704 1094 sollemnia
713 1048 779 1095 dona

168 1118 194 1164 et
204 1116 311 1164 statuam
322 1117 379 1162 ante
388 1130 444 1162 aras
454 1116 543 1161 aurata
551 1114 633 1162 fronte
643 1115 776 1164 iuvencum

169 1184 311 1232 candentem
321 1184 458 1240 pariterque
469 1184 543 1238 caput
553 1198 609 1230 cum
619 1185 700 1232 matre
709 1185 837 1241 ferentem,

167 1253 218 1300 iam
227 1269 303 1301 cornu
312 1253 381 1308 petat
390 1254 416 1299 et
426 1251 525 1308 pedibus
535 1251 576 1308 qui
586 1254 688 1309 spargat
697 1253 835 1301 harenam!

121 1331 158 1378 630
169 1323 254 1370 Audiit
264 1323 289 1369 et
297 1321 357 1368 caeli
366 1319 469 1373 Genit'cr
477 1320 507 1368 de
517 1322 587 1377 parte
597 1335 683 1369 serena

167 1391 275 1438 intonuit
284 1389 388 1446 laevum,
399 1391 470 1437 sonat
479 1405 530 1436 una
538 1389 623 1436 fatifer
633 1405 705 1438 arcus
715 1412 721 1439 ε

169 1460 256 1519 effugit
265 1458 412 1506 horrendum
422 1457 528 1506 stridens
538 1458 645 1506 adducta
655 1459 757 1516 sagitte,

169 1544 258 1586 perque
268 1529 342 1583 ceput
351 1526 449 1575 Remuli
458 1526 525 1574 venit
535 1528 560 1574 et
570 1541 630 1574 cava
636 1528 749 1583 tempora
758 1527 826 1575 ferro

168 1596 290 1653 transigit.
322 1595 358 1653 ‘I,
369 1596 449 1643 verbis
458 1596 576 1643 virtutem
585 1595 661 1644 illude
671 1596 783 1652 superbis
793 1618 799 1644 =

168 1666 205 1714 bis
229 1665 294 1721 capti
316 1665 425 1722 Phryges
448 1663 509 1712 haee
541 1664 641 1711 Rutulis
664 1680 781 1720 responsa
809 1680 845 1710 re·

226 1735 328 1782 mittunt
337 1734 357 1780 τ’

169 1802 215 1851 hoc
224 1805 323 1849 tantum
332 1802 462 1849 Ascanius.
493 1800 581 1848 Teucri
590 1801 695 1849 clamore
709 1802 846 1856 sequuntur

169 1871 310 1927 laetitiaque
319 1871 429 1917 fremunt
438 1868 577 1926 animosque
587 1869 618 1916 ad
627 1870 707 1916 sidera
716 1870 818 1917 tollunt.

170 1939 287 1987 Aetheria
296 1940 350 1985 tum
360 1938 425 1985 forte
433 1937 507 1995 plaga
517 1938 618 1985 crinitus
628 1937 717 1993 Apelle

170 2010 272 2065 desuper
281 2006 402 2054 Ausonias
412 2006 475 2054 acies
485 2006 615 2062 urbemque
625 2005 732 2062 videbat,

122 2089 160 2136 640
170 2079 233 2126 nube
243 2078 336 2134 sedens,
347 2079 419 2131 atque
429 2075 467 2122 his
477 2076 593 2123 victorem
603 2075 695 2122 effatur
709 2073 808 2121 Iulum:

172 2147 177 2168 ‘
186 2148 268 2196 Macte
277 2162 340 2194 nova
354 2146 454 2202 virtute,
464 2160 525 2200 puer
534 2165 539 2191 ι
555 2143 589 2190 sic
598 2143 650 2190 itur
659 2141 691 2189 ad
700 2143 777 2198 astra,

170 2217 206 2264 die
218 2218 298 2275 genite
308 2217 333 2263 et
342 2215 454 2272 geniture
464 2214 528 2260 deos.
558 2212 616 2258 Iure
625 2210 707 2257 omnia
715 2210 781 2257 bella

170 2288 242 2342 gente
253 2285 298 2333 sub
307 2283 421 2331 Assaraci
430 2283 483 2329 lato
493 2283 597 2328 ventura
606 2280 722 2336 resident,

170 2369 214 2401 nec
224 2356 249 2400 te
259 2353 333 2400 Troia
342 2352 425 2407 capit)
457 2350 535 2397 Simul
544 2350 603 2396 haec
613 2349 702 2395 effatus
713 2346 744 2393 ab
754 2347 806 2393 alto

170 2423 268 2470 aethere
278 2438 303 2469 se
313 2421 386 2478 misit,
398 2420 518 2476 spirantes
528 2419 633 2465 dimovet
644 2432 716 2464 auras

170 2491 347 2545 Ascaniumque
358 2488 427 2544 petit.
457 2488 571 2533 Formam
582 2488 635 2532 tum
650 2485 756 2532 vertitur
765 2484 814 2531 cris

218 2558 287 2607 (33⁸)
