1972 3164
300 176 410 218 AENEIS.
435 177 492 218 VIII

60 275 142 332 Quare
149 275 223 334 agite,
230 275 489 334 oiuvenes,tantarum
496 279 522 326 in
529 294 627 327 munere
633 279 733 328 landum

59 344 150 402 cingite
159 345 245 394 fronde
255 362 335 394 comas
345 350 370 395 et
380 348 467 404 pocula
476 349 572 406 porgite
582 348 674 397 dextris

59 429 257 470 communemque
266 417 351 464 vocate
360 417 432 464 deum
442 420 467 465 et
475 417 533 466 date
542 417 600 465 vina
607 418 732 467 volentes)

60 482 173 541 Dixerat,
183 484 305 532 Herculea
313 485 403 533 bicolor
413 502 468 534 cum
478 486 581 542 populns
591 487 679 534 umbra

58 551 196 608 velavitque
206 568 286 601 eomas
295 553 405 610 foliisque
415 555 504 602 innexa
513 555 635 613 pependit,

58 620 85 667 et
95 634 164 667 secer
171 620 281 677 implevit
289 622 400 670 dextram
411 623 523 679 scyphus.
553 623 626 671 Ocius
636 639 719 671 omnes

59 688 86 734 in
96 704 203 736 mensam
212 689 271 738 laeti
280 690 359 738 libant
368 691 483 747 divosque
492 694 633 747 precantur.

10 765 49 805 280
89 757 188 806 Devexo
196 758 289 808 interea
298 760 395 816 propior
404 760 433 806 fit
442 760 536 815 Vesper
545 760 655 818 Olympo.

60 826 160 883 Iamque
167 829 303 877 sacerdotes
310 829 448 885 primusque
458 828 563 876 Potitius
572 829 650 887 ibent,

59 895 162 951 pellibus
171 895 198 942 in
207 912 298 944 morem
309 897 390 955 cincti,
401 897 557 953 flammasque
566 898 686 946 ferebant.

59 964 204 1013 Instaurant
214 966 299 1022 epulas
308 966 334 1013 et
343 981 439 1013 mensae
448 968 520 1023 grata
530 967 648 1015 secundae

59 1033 123 1081 dona
132 1033 216 1081 ferunt
226 1034 398 1090 cumulantque
408 1035 513 1081 oneratis
522 1034 631 1082 lancibus
641 1050 705 1082 aras.

60 1103 124 1149 [l'um
134 1102 194 1150 Salii
203 1103 331 1150 adcantus
341 1102 440 1150 incensa
449 1103 538 1149 altaria
548 1103 638 1150 circum

59 1170 167 1228 populeis
176 1171 267 1218 adsunt
276 1171 366 1218 evincti
375 1172 486 1226 tempora
494 1170 576 1228 ramis,

58 1239 98 1287 hic
103 1240 218 1287 iuvenum
228 1239 370 1295 chorus‚ille
376 1254 461 1286 senum
469 1258 476 1295 ;
487 1238 528 1294 qui
534 1240 639 1287 carmine
648 1239 732 1286 laudes

59 1308 193 1356 Herculeas
202 1309 228 1355 et
237 1308 305 1356 lacta
314 1308 410 1355 ferunt:
424 1309 454 1353 ut
463 1306 542 1363 prima
550 1323 668 1355 novercae

60 1379 171 1425 monstra
175 1392 251 1424 mann
259 1377 413 1434 geminosque
418 1391 529 1432 premens
534 1375 625 1424 elisent
631 1392 731 1434 angues,

12 1464 49 1502 eoo
59 1448 88 1492 ut
97 1445 161 1494 bello
170 1446 280 1504 egreglus
289 1446 352 1493 idem
363 1444 483 1492 disiecerit
492 1444 571 1501 urbes,

59 1513 204 1570 Troiamque
214 1513 407 1570 Oechaliamque,
418 1515 447 1559 ut
457 1513 530 1560 duros
540 1513 606 1561 mille
615 1511 710 1560 labores

58 1598 116 1640 rege
126 1582 171 1630 sub
180 1582 319 1638 Eurystheo
328 1581 387 1629 fatis
397 1581 498 1628 Iunonis
508 1581 605 1637 iniquae

58 1651 196 1707 pertulerit.
227 1650 279 1697 ‘Tu
288 1650 431 1709 nubigenas,
441 1649 539 1706 invicte,
550 1648 694 1696 bimembres

58 1719 227 1777 Hylaeumque
237 1719 386 1775 Pholumque
395 1735 478 1776 manu,
488 1721 518 1766 tu
528 1719 611 1768 Cresia
620 1720 713 1765 mactas

58 1789 169 1846 prodigia
178 1789 203 1836 et
212 1790 310 1836 vastum
319 1788 424 1836 Nemeae
433 1788 479 1835 sub
488 1805 549 1844 rupe
558 1788 660 1837 leonem.

58 1859 94 1905 Te
105 1858 184 1915 Stygii
192 1861 314 1906 tremuere
323 1857 399 1913 lucus,
409 1859 435 1904 to
444 1857 533 1905 ianitor
543 1857 601 1905 Orci

57 1941 113 1974 ossa
123 1941 196 1982 super
205 1927 324 1975 recubans
334 1928 407 1973 antro
417 1941 509 1974 semesa
519 1928 633 1980 cruento:

58 2011 103 2045 nec
111 1998 137 2043 to
146 1995 211 2044 ullae
220 1995 303 2054 facies,
313 2011 362 2042 non
371 1996 460 2043 terruit
469 1996 520 2051 ipse
531 1995 668 2052 Typhoeus,

58 2065 150 2112 arduus
159 2080 228 2111 arma
236 2065 337 2120 tenens;
351 2079 400 2110 non
410 2066 435 2111 te
445 2064 546 2111 rationis
555 2065 665 2120 egentem

12 2154 48 2190 30⁰
59 2134 182 2181 Lernaeus
192 2134 266 2180 turha
276 2133 383 2189 capitum
393 2133 555 2181 circumstetit
565 2132 659 2187 anguis.

60 2202 139 2259 Salve,
150 2216 208 2250 vera
217 2201 282 2249 Iovis
292 2200 379 2258 proles,
390 2202 462 2248 decus
472 2201 554 2248 addite
564 2199 632 2255 divis

59 2272 85 2317 et
95 2286 138 2317 nos
148 2272 173 2317 et
182 2274 228 2317 tun
237 2271 322 2318 dexter
331 2271 373 2316 adi
383 2270 442 2326 pede
453 2285 523 2317 sacra
533 2268 654 2316 secundo!

59 2339 134 2387 Talia
144 2340 291 2387 carminibus
300 2338 440 2395 celebrant3
456 2336 618 2394 superomnia
629 2335 686 2383 Caci

59 2408 199 2465 speluncam
209 2408 326 2456 adiiciunt
336 2408 518 2464 spirantemque
528 2405 625 2462 ignibus
634 2404 722 2460 ipsum.

59 2477 183 2525 Consonat
192 2492 262 2525 omne
268 2492 353 2524 nemus
364 2476 469 2532 strepitu
475 2476 592 2530 collesque
599 2474 729 2521 resultant.

107 2544 115 2594 (
124 2559 159 2594 303
168 2545 176 2592 )
