1972 3164
414 260 436 299 P.
450 260 570 301 VERGILI
582 261 710 302 MARONIS

254 355 342 414 ‘Nata
352 356 410 406 licet
419 359 502 406 tristes
510 359 591 407 animo
600 359 718 416 deponere
726 374 805 408 curas.

227 424 294 473 Haec
304 425 381 473 omnis
388 426 466 473 morbi
473 441 554 483 causa,
561 427 618 474 hino
622 425 757 476 miserabile
763 428 900 488 Nymphae,

226 508 281 541 cum
291 494 376 550 quibus
386 492 429 540 illa
438 494 522 542 choros
531 494 592 542 lueis
602 495 713 554 agitabat
720 495 746 543 in
755 496 821 555 eltis,

225 562 326 610 exitium
336 561 422 610 misere
431 562 524 618 apibus.
552 563 591 609 Tu
599 578 701 612 munera
711 565 813 621 supplex

225 631 298 678 tende
308 632 391 686 petens
401 646 492 688 paoem,
503 631 529 678 et
537 630 621 679 faciles
630 647 746 680 venerare
755 633 886 691 Napaeae;

225 713 329 754 namque
338 698 431 746 dabunt
440 699 536 746 veniam
545 700 617 757 votis,
627 700 724 756 irasque
734 703 870 750 remittent.

227 766 274 814 Sed
283 766 367 814 modus
376 767 463 814 orandi
472 767 513 823 qui
522 768 563 825 sit,
574 768 641 824 prius
651 769 734 816 ordine
744 769 831 818 dicam.

226 835 349 892 Quattuor
358 835 458 882 eximios
468 836 606 891 praestanti
615 851 714 892 corpore
723 838 816 893 tauros,

226 903 267 959 qui
276 902 322 950 tibi
330 918 395 951 nuuc
404 903 486 950 viridis
495 903 629 959 depascunt
639 919 735 951 summa
743 905 840 964 Lycaei,

178 992 216 1029 540
227 972 313 1029 delige,
323 974 349 1019 et
358 973 452 1019 intacta
460 972 562 1020 totidem
573 973 665 1021 cervice
673 973 796 1021 iuvencas.

227 1040 350 1097 Quattuor
358 1040 396 1086 his
405 1055 460 1087 aras
470 1041 522 1088 alta
531 1041 563 1088 ad
572 1041 673 1088 delubra
682 1041 783 1088 dearum

226 1108 355 1166 constitue,
365 1110 390 1155 et
400 1124 496 1156 sacrum
505 1108 594 1165 iugulis
604 1109 705 1156 demitte
714 1125 835 1168 cruorem,

226 1191 373 1232 corporaque
382 1177 436 1233 ipsa
445 1177 519 1224 boum
528 1177 643 1225 frondoso
653 1177 736 1225 desere
746 1177 809 1226 luco.

226 1245 286 1292 Post
296 1244 337 1292 ubi
348 1261 413 1292 nona
423 1260 479 1292 suos
489 1246 586 1293 Aurora
594 1246 727 1293 ostenderit
736 1247 814 1303 ortus,

226 1313 326 1361 interius
336 1313 427 1370 Orphei
437 1313 547 1361 Lethaea
556 1328 679 1370 papavera
686 1314 779 1371 mittes,

226 1383 251 1429 et
261 1382 356 1439 nigram
366 1382 483 1429 mactabis
493 1397 571 1439 oyem,
581 1383 709 1438 lucumque
718 1382 823 1431 revises:

226 1450 349 1506 placatam
359 1451 496 1507 Eurydicen
506 1450 585 1497 vitula
594 1450 739 1498 venerabere
748 1451 836 1498 caesa?

255 1519 330 1566 Haud
345 1534 426 1566 mora:
450 1518 564 1566 continuo
579 1518 666 1566 matria
681 1520 813 1576 praecepta
825 1517 901 1567 faces·

283 1587 315 1634 sih
320 1607 327 1644 ς

226 1654 259 1702 ad
268 1655 369 1703 delubra
377 1655 453 1713 venit,
464 1657 612 1703 monstratas
622 1655 714 1702 excitat
723 1671 788 1713 aras,
861 1673 864 1680 ·

179 1741 216 1778 550
227 1724 343 1779 quattuor
351 1723 450 1770 eximios
460 1723 596 1779 praestanti
605 1738 705 1780 corpore
714 1725 799 1771 tauros

227 1790 294 1839 duait
303 1792 329 1838 et
337 1791 432 1838 intacta
441 1792 543 1839 totidem
553 1793 646 1840 cervice
655 1793 778 1840 iuvencas.

226 1860 286 1906 Post
295 1858 338 1905 ubi
346 1873 410 1907 nona
419 1874 474 1907 auos
484 1859 582 1908 Aurora
591 1859 720 1908 induxerat
729 1862 807 1918 ortus,

225 1927 325 1975 inferias
335 1927 426 1984 Orphei
433 1928 519 1986 mittit,
530 1929 658 1984 lucumque
667 1928 776 1976 revisit-⁴

227 1996 275 2044 Hic
284 2011 341 2043 vero
351 1996 457 2044 subitum
467 2012 497 2044 ac
506 1997 574 2044 dictu
583 1997 692 2045 mirabile
701 1998 839 2044 monstrum

226 2065 354 2123 aspiciunt,
364 2065 496 2122 liquefacta
504 2066 577 2114 boum
587 2065 733 2122 perviscera
741 2068 795 2114 toto

226 2134 329 2182 stridere
338 2150 396 2191 apes
405 2137 476 2182 utero
485 2136 511 2182 et
520 2135 599 2190 ruptis
608 2135 725 2182 effervere
734 2134 816 2191 costis,

225 2203 401 2259 immensaeque
410 2203 476 2250 trahi
485 2203 570 2259 nubes,
580 2202 676 2259 iamque
685 2201 772 2249 arbore
782 2216 878 2248 summa
912 2210 914 2215 ’

227 2272 346 2320 confluere
356 2274 381 2319 et
390 2272 462 2318 lentis
472 2287 544 2317 uvam
554 2271 681 2318 demittere
691 2269 773 2317 remia

255 2341 325 2389 Haec
334 2356 407 2397 super
416 2354 530 2387 arvorum
536 2339 605 2386 cultu
614 2353 774 2394 pecorumque
785 2337 901 2385 canebam

179 2419 216 2467 560
227 2411 253 2456 et
263 2425 336 2465 super
345 2409 478 2464 arboribus,
490 2408 580 2455 Caesar
590 2406 648 2453 dnm
657 2421 759 2463 magnus
770 2405 802 2453 ad
811 2405 891 2452 altum

228 2477 343 2524 fulminat
352 2476 495 2533 Euphraten
504 2475 575 2532 bello,
586 2474 709 2530 victorque
718 2473 826 2522 volentes

227 2560 271 2599 per
277 2545 379 2601 populos
390 2545 433 2592 dat
441 2545 504 2602 iura,
513 2544 625 2599 emurque
635 2543 736 2590 affectat
745 2543 856 2598 Olympo.

275 2613 284 2662 (
293 2614 344 2662 rro)
