1972 3164
157 513 191 577 P.
224 515 409 580 VERGILI
441 517 649 584 MARONIS

220 682 575 762 GEORGIOA

360 881 437 908 *M-

232 1023 349 1078 LIBER
375 1025 566 1088 QUARTUS.

61 1153 265 1246 PROTENUS
275 1155 335 1202 aerii
344 1155 421 1202 mellis
431 1156 544 1203 caelestia
553 1156 616 1202 dona

122 1238 252 1279 exsequar:
292 1224 355 1272 hano
382 1225 464 1281 etiam,
490 1225 628 1280 Maecenas,
658 1223 737 1278 aspiee

148 1293 250 1346 partem.

61 1359 214 1406 Admiranda
223 1360 267 1407 tibi
276 1360 366 1407 levium
376 1360 515 1416 spectacula
524 1375 605 1407 rerum

62 1428 275 1485 magnanimosque
285 1430 358 1476 dueee
367 1429 490 1485 totiusque
500 1429 583 1476 ordine
594 1429 673 1487 gentis

61 1511 142 1544 mores
152 1497 177 1544 et
188 1497 269 1544 studia
278 1498 303 1544 et
313 1497 414 1553 populos
423 1498 449 1544 et
458 1497 549 1552 proelia
558 1498 644 1544 dicam.

62 1565 95 1612 In
104 1566 173 1612 tenui
181 1566 251 1613 labor
259 1585 266 1623 ;
281 1567 308 1613 at
317 1566 398 1614 tenuis
411 1582 460 1613 non
469 1567 556 1623 gloria,
567 1566 588 1614 ei
597 1582 667 1622 quem

61 1634 164 1681 numina
173 1634 242 1682 laeva
251 1635 335 1681 sinunt
345 1635 459 1692 auditque
469 1638 569 1683 vocatus
579 1637 674 1691 Apollo.

92 1702 215 1759 Principio
224 1704 291 1750 sedes
302 1703 387 1759 apibus
397 1704 516 1759 statioque
526 1705 638 1761 petenda,

61 1786 110 1827 quo
119 1786 195 1826 neque
205 1771 237 1818 sit
246 1772 324 1818 ventis
335 1771 423 1829 aditus,
434 1788 491 1818 nam
501 1772 589 1827 pabula
599 1773 666 1819 venti

34 1865 49 1889 ο
61 1840 128 1887 ferre
153 1840 250 1886 domum
275 1840 411 1897 prohibent,
435 1855 511 1896 neque
538 1855 593 1888 oves
618 1841 736 1897 haedique

120 1908 210 1963 petuloi

62 1976 161 2023 floribus
171 1976 299 2033 insultent,
310 1977 354 2022 aut
363 1991 447 2024 errans
457 1977 545 2024 bucula
555 1993 640 2034 eampo

62 2045 172 2092 decutiat
183 2061 272 2101 rorem,
283 2046 308 2092 et
318 2047 445 2100 surgentes
455 2047 546 2093 atterat
556 2047 651 2093 herbas.

62 2113 152 2160 Absint
162 2115 187 2160 et
197 2113 257 2168 piati
266 2113 401 2168 squalentia
408 2115 478 2170 terga
487 2114 573 2161 laoerti

61 2181 192 2238 pinguibus
202 2197 218 2229 a
228 2181 336 2238 stabulis,
348 2196 501 2238 meropesque
511 2183 618 2237 aliaeque
628 2181 737 2228 volueres

61 2251 88 2297 et
98 2250 208 2297 manibus
218 2250 311 2297 Procne
320 2252 404 2306 peetus
414 2251 511 2308 signata
521 2250 641 2305 eruentis3

61 2319 145 2365 omnia
154 2334 211 2365 nam
221 2318 271 2365 late
280 2320 379 2366 vasioni
389 2318 499 2375 ipsasque
509 2318 618 2365 volantes

61 2401 104 2434 ore
114 2386 198 2434 ferunt
208 2387 302 2434 dulcem
315 2386 378 2433 nidis
388 2386 521 2434 immitibus
530 2402 617 2434 eseam.

111 2455 169 2505 (93)
