1972 3164
302 68 325 106 P.
339 68 457 107 VERGILI
471 69 600 108 MARONIS

112 166 152 213 hio
161 180 235 222 grave
245 165 370 213 servitium
379 166 432 223 tibi,
442 166 490 213 iam
500 166 553 223 tibi,
563 167 653 224 Roma,
665 167 763 215 ferebat

141 235 231 291 (cetero
240 248 344 290 nemque
353 233 398 280 riri
407 235 504 289 ouspide
514 234 681 290 oonoiderant)
692 256 698 282 z

113 319 168 350 cum
178 302 257 350 subito
266 302 292 350 in
301 302 380 350 medio
389 318 470 350 rerum
480 303 612 350 certamine
621 319 743 360 praeoeps

141 371 240 428 eor-ruit,
250 386 264 418 e
274 371 355 428 patrie
364 371 446 426 pulsus
456 370 597 418 inexilium.

113 439 162 487 tale
171 441 230 488 deae
240 455 338 496 numen,
347 439 392 486 tali
402 439 513 487 mortalia
521 441 586 487 nutu

78 520 101 546 10
141 507 217 554 fallax
226 509 348 555 momento
357 507 471 563 temporis
481 508 542 554 hora
549 507 616 555 terit.

113 713 267 770 Quocumque
275 713 311 760 ire
320 713 404 760 ierunt
413 714 494 761 variae
503 729 546 760 nos
556 715 669 770 tempora
678 715 754 771 vitae,

139 783 240 838 tangere
249 796 309 837 quas
318 783 396 829 terras
406 797 510 838 quosque
519 782 600 829 videre
613 783 734 840 homines,

112 849 253 905 dispeream,
264 849 284 896 si
294 850 319 896 te
329 849 404 896 fuerit
414 849 473 896 mihi
482 849 561 896 oarior
572 850 646 897 ulter.

140 916 202 964 alter
211 916 275 964 enim
284 916 336 973 quis
346 918 371 964 te
381 916 472 964 dulcior
481 932 532 964 esse
541 918 631 973 potest,

112 986 151 1032 oui
160 985 240 1032 iuveni
249 986 306 1032 unte
316 984 375 1031 ulios
386 985 434 1031 divi
444 985 570 1041 divumque
581 1000 674 1034 sorores

140 1054 236 1110 cunda,
246 1067 322 1108 neque
331 1052 437 1109 indigno,
447 1054 528 1110 Musa,
539 1053 625 1100 dedere
634 1053 708 1111 bona,

111 1123 207 1178 cuncta,
233 1120 318 1177 quibus
348 1122 438 1177 gaudet
465 1121 556 1170 Phoebi
579 1121 667 1169 chorus
690 1122 790 1180 ipseque

167 1189 296 1237 Phoebus?
578 1252 581 1256 Δ

139 1260 231 1307 doctior
240 1274 255 1306 o
265 1258 316 1314 quis
326 1260 359 1315 te,
370 1260 450 1316 Musa,
461 1260 535 1307 fuisse
550 1261 646 1315 potest?

111 1327 187 1383 oquis
197 1329 222 1374 te
231 1327 257 1373 in
267 1326 337 1374 terris
346 1327 454 1382 loquitur
462 1327 588 1374 iucundior
597 1330 664 1374 uno?

77 1413 100 1441 ro
139 1396 192 1444 olio
200 1411 257 1443 uam
268 1397 333 1444 oerte
343 1397 446 1444 eandida
454 1412 503 1444 nou
512 1397 626 1454 loquitur.

110 1480 185 1521 quere
194 1465 255 1513 illud
264 1465 323 1513 satie
332 1469 378 1523 est,
389 1466 410 1512 si
418 1467 444 1514 te
453 1466 574 1522 permittis
583 1465 661 1513 amari
670 1487 676 1524 ;

138 1549 195 1581 nam
205 1536 291 1582 contra
300 1535 329 1581 ut
338 1534 370 1581 sit
380 1550 448 1581 amor
458 1537 565 1591 mutuus,
576 1535 640 1582 unde
653 1535 732 1583 mihi?

193 1739 232 1786 Ite
241 1739 305 1795 hino,
316 1739 407 1797 inanes,
418 1741 460 1796 ite,
470 1740 594 1787 rhetorum
605 1739 736 1797 ampullae,

164 1807 250 1855 inflata
259 1807 341 1855 trhoso
351 1823 400 1854 non
409 1808 515 1856 Achaico
524 1808 605 1864 verba,

165 1878 190 1924 et
200 1893 250 1933 vos,
261 1876 355 1932 Solique
365 1877 521 1933 Tarquitique
531 1878 664 1934 varroque,

165 1946 360 1994 scholasticorum
373 1946 440 1993 natio
450 1947 549 1993 madens
559 1945 652 2002 pingui,

165 2015 199 2062 ite
208 2017 273 2072 hine,
283 2015 360 2061 inanis
371 2014 496 2070 cymbalon
505 2013 646 2061 iuventutis.

165 2086 248 2142 tuque,
259 2099 389 2131 omeurum
400 2099 465 2139 oura,
477 2083 558 2139 Sexte,
569 2097 683 2129 aurarum

169 2153 231 2209 vale,
243 2153 344 2207 Sabine3
358 2152 406 2197 iam
416 2151 503 2206 valete,
513 2149 620 2197 formosi.

166 2236 208 2267 nos
219 2222 249 2268 ud
258 2221 341 2267 beatos
350 2219 404 2266 vela
416 2219 534 2265 mittimus
548 2220 641 2274 portus,

165 2290 247 2345 magni
256 2291 364 2345 petentes
375 2289 446 2334 doato
456 2287 521 2333 diota
531 2285 630 2342 Sironis,

76 2384 98 2409 ιο
165 2359 286 2413 vitamque
296 2357 326 2404 ab
334 2356 398 2403 omni
407 2354 580 2401 vindicabimus
592 2369 659 2402 oure.

159 2424 228 2475 (438)
