1972 3164
362 180 385 219 P.
398 179 517 220 VERGILI
530 181 658 222 MARONIS

172 277 241 324 Haec
251 278 318 335 eunt,
328 293 390 334 quae
399 280 483 326 nostra
492 280 564 327 liceat
573 282 599 328 te
608 296 666 329 voce
679 283 779 331 moneri.

172 345 308 460 VadeTrgge
333 347 359 393 et
384 346 506 404 ingentem
530 347 603 396 iactis
629 348 668 397 fer
692 351 724 398 ad
749 351 850 401 aethera

278 415 353 462 ram.'‘

202 481 209 502 ‘
218 481 286 538 Quae
295 484 422 539 postquam
431 485 500 532 vates
510 484 544 533 sio
553 499 595 533 ore
608 486 697 534 effatus
706 488 784 538 amieo
793 489 839 548 est,

173 550 237 597 dona
246 551 332 600 dehinc
341 566 401 599 auro
411 553 496 610 gravia
506 555 617 609 sectoque
626 555 757 611 elephanto

172 618 277 674 imperat
286 619 318 666 ad
327 635 400 667 naves
410 619 477 678 ferri,
489 621 611 677 stipatque
621 623 710 670 carinis

172 687 259 743 ingene
267 689 396 744 argentum
406 689 595 745 Dodonaeosque
604 689 705 748 lebetas,

172 755 273 803 loricam
282 758 418 803 consertam
428 756 505 804 hemis
519 773 625 814 auroque
633 758 746 817 trilicem,

173 824 199 872 et
209 838 295 871 conum
304 824 404 880 insignis
415 825 499 884 galeae
509 825 641 883 cristasque
651 830 783 886 comantes,

174 891 411 947 armaNeoptolemi.
442 893 780 952 Suntetsuadcnaparcnti.

125 977 164 1014 470
174 959 251 1007 Addit
260 974 331 1015 equos
341 961 456 1017 additque
466 962 547 1020 duces,

174 1028 301 1085 remigium
312 1029 417 1087 supplet,
428 1030 502 1078 socios
512 1031 584 1078 simul
593 1031 694 1079 instruit
704 1031 787 1080 armis.

203 1096 316 1144 ‘Interea
325 1097 425 1145 classem
435 1099 494 1146 velis
504 1101 590 1156 aptare
597 1100 698 1149 iubebat

174 1165 380 1223 Anchises,·ficret
389 1169 463 1215 vento
472 1183 541 1215 mora
549 1184 580 1217 ne
590 1184 638 1225 qua
646 1168 745 1217 terenti.

175 1235 253 1292 Quem
263 1235 354 1283 Phoebi
362 1234 483 1292 interpres
494 1237 571 1284 multo
580 1237 709 1294 compellat
719 1237 821 1284 honore:

175 1303 192 1326 “
202 1303 325 1362 Coniugio,
336 1304 451 1362 Anchisa,
463 1305 564 1352 Veneris
574 1306 674 1364 dignate
683 1305 794 1364 superbo,

175 1389 235 1421 cura
244 1373 324 1430 deum,
333 1372 371 1420 bie
381 1373 519 1430 Pergameis
529 1377 610 1430 erepte
621 1373 706 1431 ruinis,

175 1456 231 1489 ecce
240 1441 286 1488 tibi
295 1441 416 1489 Ausoniae
425 1441 513 1489 tellus:
527 1441 592 1489 hanc
601 1442 681 1498 arripe
691 1441 759 1490 velis.

175 1511 293 1558 ettamen
302 1510 366 1558 hanc
374 1510 461 1567 pelago
470 1510 649 1566 praeterlabare
658 1525 755 1559 neoeeee
764 1511 816 1557 est:

176 1578 297 1626 Ausoniae
306 1594 363 1635 pare
372 1579 415 1626 illa
428 1578 520 1636 procul,
531 1593 604 1634 quam
613 1578 699 1634 pandit
708 1577 806 1634 Apollo.
822 1634 828 1643 .

126 1652 166 1702 480
175 1648 245 1696 Vade
252 1648 267 1669 ’'
277 1647 322 1705 ait,
334 1647 371 1695 “o
380 1647 439 1695 felix
447 1647 500 1694 nati
509 1646 607 1703 pietate.
637 1646 701 1702 Quid
710 1646 777 1693 ultra

175 1716 293 1772 provehor
302 1718 328 1763 et
336 1717 412 1764 fando
421 1717 547 1773 surgentes
557 1715 668 1762 demoror
676 1714 798 1762 Austros?
807 1714 823 1734 ’'

175 1784 229 1833 Nec
238 1785 317 1830 minus
326 1785 503 1841 Andromache,
514 1785 623 1841 digressu
628 1784 722 1831 maesta
731 1796 853 1839 supremo,

175 1853 225 1901 lert
235 1853 369 1909 picturatas
376 1854 431 1902 auri
440 1853 574 1900 subtemine
584 1855 663 1900 vestes

175 1924 202 1972 et
211 1923 342 1979 Phrygiam
350 1923 454 1970 Assumo
464 1922 623 1978 chlamydem,
631 1935 675 1968 nec
684 1920 749 1968 cedit
759 1919 853 1976 honori,

175 1991 349 2048 textilibusque
358 1993 443 2040 onerat
453 1991 521 2039 donis
531 2006 560 2038 ac
569 1990 630 2038 talia
638 1989 707 2036 fatur
717 2010 722 2036 ι

176 2061 293 2117 “Accipe
309 2063 335 2108 et
354 2061 422 2117 haee,
440 2075 555 2107 manuum
568 2059 614 2107 tibi
628 2073 689 2115 quae
705 2057 854 2104 monimenta

233 2145 342 2177 mearum

178 2199 237 2258 sint,
260 2214 329 2255 puer,
353 2200 379 2246 et
402 2197 502 2256 longum
524 2195 708 2243 Andromachae
730 2194 854 2241 testentur

234 2282 347 2324 amorem,

178 2336 286 2394 coniugis
297 2336 440 2383 Hectoreae.
470 2334 535 2390 cape
545 2334 608 2380 dona
617 2334 726 2380 extrema
735 2332 842 2387 tuorum,

179 2405 262 2452 omihi
272 2406 324 2454 sola
333 2405 380 2454 mei
390 2420 462 2461 super
472 2402 628 2460 Astyanactis
638 2402 725 2459 imago.

127 2530 130 2535 ,
417 2491 453 2524 481.
474 2497 491 2523 a.
499 2487 513 2523 1.
521 2487 616 2523 ‘honora'

227 2547 234 2592 (
245 2545 296 2593 178)
