1972 3164
368 186 391 224 P.
405 185 524 227 VERGILI
536 187 664 229 MARONIS

180 274 252 323 multi
261 275 394 333 praeterea,
403 290 462 333 quos
472 276 539 324 fama
548 275 650 326 obscura
658 277 778 330 recondit.

180 345 275 391 Aeneas
284 345 371 401 quibus
378 345 405 393 in
414 346 498 394 mediis
509 346 543 394 sic
552 346 639 394 deinde
647 347 745 395 locutus
754 369 760 395 z

181 412 305 470 ‘Accipite
314 415 374 462 haec
383 415 469 464 animis
478 415 601 472 laetasque
611 416 733 464 advertite
742 419 846 467 mentes.

180 497 252 529 nemo
261 497 291 530 ex
300 483 344 531 hoc
353 498 455 531 numero
465 483 524 530 mihi
532 498 582 531 non
592 485 697 531 donatus
706 485 790 533 abibit.

180 550 273 598 Gnosia
281 551 338 598 bina
347 551 409 598 dabo
417 551 499 600 levato
507 552 589 600 lucida
596 552 664 600 ferro

180 619 274 676 spicula
283 619 447 675 caelatamque
457 622 559 678 argento
569 621 635 668 ferre
643 621 772 678 bipennem
783 643 789 670 ι

180 686 290 734 omnibus
299 687 338 734 hic
347 688 394 735 erit
403 703 466 735 unus
476 687 559 736 honos.
589 689 650 736 Tres
660 691 770 745 praemia
777 690 851 747 primi

180 755 299 812 accipient
309 755 417 812 flavaque
427 758 501 812 caput
510 759 640 805 nectentur
648 758 720 807 oliva.

133 842 169 878 310
180 824 278 870 Primus
286 839 373 879 equum
383 825 488 880 phaleris
498 825 617 882 insignem
627 827 706 874 victor
714 826 803 875 habeto
813 847 819 884 3

180 893 244 940 alter
253 893 410 940 Amazoniam
419 893 561 949 pharetram
571 895 714 951 plenamque
723 896 822 953 sagittis

181 961 306 1018 Threiciis,
316 961 368 1009 lato
377 977 449 1018 quam
460 962 551 1010 circum
564 963 721 1019 amplectitur
730 980 792 1013 auro

179 1029 276 1078 balteus
285 1032 311 1078 et
319 1030 393 1077 tereti
402 1031 524 1078 subnectit
534 1030 609 1078 fibula
617 1047 714 1089 gemma
724 1052 731 1089 ;

180 1099 270 1147 tertius
279 1098 393 1158 Argolica
402 1098 448 1146 hac
457 1098 529 1155 galea
534 1101 663 1148 contentus
672 1101 757 1148 abito!

181 1169 252 1217 Haec
261 1168 303 1215 ubi
311 1168 385 1225 dicta,
394 1167 475 1215 locum
486 1167 585 1223 capiunt
595 1167 710 1223 signoque
719 1171 822 1224 repente

181 1237 317 1295 corripiunt
326 1236 406 1294 spatia
416 1235 500 1283 audito
509 1235 629 1290 limenque
639 1236 789 1296 relinquunt,

182 1306 254 1354 effusi
263 1306 345 1353 nimbo
354 1305 443 1354 similes
452 1323 458 1360 ;
472 1304 544 1352 simul
553 1305 640 1351 ultima
649 1305 757 1362 signant,

183 1375 280 1422 Primus
290 1374 341 1422 abit
350 1374 467 1430 longeque
476 1374 534 1419 ante
543 1372 623 1419 omnia
633 1387 734 1428 corpora
744 1374 821 1422 Nisus

183 1443 280 1500 emicat,
291 1443 316 1490 et
325 1441 404 1490 ventis
413 1443 439 1489 et
448 1440 558 1488 fulminis
566 1441 631 1488 ocior
640 1441 686 1488 alis
695 1460 702 1499 ;

136 1527 173 1564 320
183 1511 307 1567 proximus
316 1511 381 1568 huic,
391 1511 464 1567 longo
473 1510 515 1557 sed
525 1509 647 1566 proximus
656 1510 795 1568 intervallo,

182 1578 318 1634 insequitur
328 1579 421 1635 Salius;
435 1578 514 1634 spatio
523 1579 578 1634 post
587 1578 672 1626 deinde
681 1578 767 1626 relicto

182 1647 272 1694 tertius
281 1646 405 1703 Euryalus
418 1667 423 1702 ;

182 1715 364 1770 Euryalumque
378 1715 496 1772 Helymus
510 1713 619 1770 sequitur
630 1733 637 1771 ;
653 1729 701 1770 quo
714 1713 800 1761 deinde
813 1714 858 1760 sub

238 1796 291 1838 spso

181 1866 235 1900 ecce
245 1848 311 1897 volat
321 1849 457 1906 calcemque
466 1851 525 1898 terit
538 1851 587 1898 iam
595 1849 660 1897 calce
670 1849 757 1896 Diores

181 1918 321 1968 incumbens
331 1934 422 1977 umero,
434 1920 514 1976 spatia
523 1921 549 1966 et
559 1919 580 1966 si
589 1918 661 1974 plura
669 1917 801 1975 supersint,

180 1990 292 2038 transeat
303 1987 398 2045 elapsus
408 1989 474 2044 prior
484 1988 655 2045 ambiguumve
664 1987 797 2042 relinquat.
821 1999 825 2008 '

182 2059 283 2115 Iamque
296 2057 347 2105 fere
357 2056 436 2113 spatio
445 2059 555 2105 extremo
563 2056 669 2112 fessique
679 2055 725 2103 sub
733 2055 813 2110 ipsam

182 2129 256 2175 finem
266 2126 437 2182 adventabant,
447 2125 496 2173 levi
505 2141 561 2173 cum
571 2125 688 2184 sanguine
699 2123 774 2170 Nisus

184 2196 278 2244 labitur
287 2195 379 2251 infelix,
390 2194 465 2241 caesis
474 2196 504 2241 ut
513 2195 578 2242 forte
587 2194 694 2242 iuvencis

138 2281 174 2319 330
182 2265 253 2312 fusus
263 2266 363 2311 humum
369 2262 504 2317 viridesque
511 2278 585 2318 super
592 2261 755 2310 madefecerat
761 2256 858 2305 herbas.

184 2334 233 2380 Hic
242 2333 335 2380 iuvenis
344 2331 393 2378 iam
402 2329 480 2377 victor
489 2345 563 2376 ovans
573 2330 676 2386 vestigia
685 2343 767 2384 presso

183 2400 249 2447 haud
259 2402 339 2448 tenuit
348 2399 456 2446 titubata
466 2398 524 2455 solo,
535 2398 577 2445 sed
586 2412 677 2454 pronus
687 2396 775 2451 inipso

183 2469 287 2514 concidit
296 2467 465 2523 immundoque
475 2465 531 2513 fimo
541 2480 655 2522 sacroque
665 2480 759 2521 cruore,

230 2534 301 2585 (2²0)
