1972 3164
304 174 416 215 AENEIS.
441 176 498 216 VIII

10 274 50 322 550
59 270 187 328 aspiceres,
197 272 296 327 pontem
306 273 407 321 auderet
417 273 474 330 quia
483 273 572 321 vellere
583 274 666 322 Cocles

59 340 86 387 et
95 338 196 386 fluvium
205 339 291 387 duclla
300 339 397 388 innaret
408 341 499 389 Cloelia
508 341 597 398 ruptis.

59 409 91 455 In
101 422 195 455 summo
204 410 285 456 custos
295 409 411 465 Tarpeiae
421 410 529 457 Manlius
540 410 603 457 arcis

59 475 143 523 stabat
152 491 196 532 pro
205 476 296 532 templo
306 479 331 524 et
341 478 462 534 Capitolia
471 479 535 526 celsa
544 479 654 536 tenebat,

59 544 225 602 Romuleoque
234 561 319 594 recens
328 546 445 594 horrebat
453 548 521 605 regia
531 549 618 596 culmo.

59 614 133 669 atque
142 613 183 662 hic
192 615 286 662 auratis
296 615 402 663 volitans
412 618 544 673 argenteus
554 631 628 664 unser

60 681 193 737 porticibus
204 683 286 731 Gallos
296 684 322 731 in
332 684 414 732 limine
424 685 508 732 adesse
518 685 635 733 canebat:

61 749 127 798 Galli
136 767 180 807 per
188 751 272 800 dumos
282 755 384 801 aderant
393 769 519 810 arcemque
529 755 654 810 tenebant,

60 818 155 866 defensi
163 821 270 869 tenebris
280 824 305 870 et
315 824 378 870 dono
387 823 464 871 noctis
474 838 577 880 opacaez

61 902 137 935 aurea
146 891 263 938 caesaries
273 892 326 938 ollis
336 893 408 948 atque
418 908 493 939 aurea
501 892 577 940 vestis
587 911 593 949 余

14 959 54 1000 660
61 956 164 1012 virgatis
173 957 256 1006 lucent
265 960 363 1018 augulis,
375 961 428 1007 tum
439 962 519 1009 lactea
528 960 591 1008 colla

61 1039 123 1072 auro
131 1025 298 1085 innectuntur,
308 1028 356 1076 duo
365 1029 464 1085 quisque
474 1029 565 1084 Alpina
576 1031 705 1077 coruscant

60 1108 136 1150 gaesa
144 1109 226 1152 manu,
238 1096 313 1143 scutis
324 1097 428 1152 protecti
438 1113 539 1153 corpora
548 1097 634 1153 longis.

62 1162 112 1209 Hie
121 1163 271 1211 exsultantes
281 1165 357 1212 Salios
366 1166 490 1221 nudosque
501 1166 623 1220 Lupercos

61 1229 229 1288 lanigerosque
238 1232 317 1288 apices
327 1236 352 1281 et
362 1233 432 1289 lapsa
441 1233 529 1280 ancilia
539 1233 607 1280 caelo

61 1299 205 1357 extuderat3
219 1303 300 1349 castae
309 1302 430 1350 ducebant
441 1317 511 1349 sacra
520 1317 565 1357 per
573 1301 659 1348 urbem

61 1367 161 1424 pilentis
170 1371 260 1418 matres
269 1371 296 1418 in
306 1370 425 1418 mollibus.
457 1371 523 1418 Hinc
533 1370 618 1427 procul
628 1369 696 1416 addit

63 1436 195 1484 Tartareae
204 1438 278 1486 etiam
288 1440 364 1496 sedes,
373 1439 425 1486 alta
435 1439 498 1487 ostia
508 1439 583 1495 Ditis,

62 1506 88 1551 et
99 1504 216 1553 scelerum
225 1522 315 1562 poenas
324 1510 350 1556 et
360 1510 393 1565 te,
406 1508 521 1565 Catilina,
531 1507 620 1554 minaci

63 1573 208 1630 pendentem
218 1576 316 1632 scopulo
326 1576 501 1632 Funerumque
511 1591 554 1622 ora
563 1577 717 1632 trementem,

17 1650 55 1700 670
63 1644 215 1699 secretosque
225 1644 285 1702 pios,
297 1644 335 1691 his
345 1644 443 1692 dantem
453 1644 508 1691 iura
518 1645 643 1692 Catonem.

63 1711 134 1758 Haec
143 1711 208 1759 inter
217 1712 306 1759 tumidi
314 1713 364 1761 late
375 1714 448 1761 maris
458 1714 510 1760 ibat
519 1713 600 1769 imago

63 1794 146 1836 aurea,
158 1780 199 1827 sed
208 1779 285 1828 fluctu
294 1782 439 1837 spumabant
449 1781 546 1830 caerula
556 1796 631 1837 can0余

63 1849 90 1895 et
104 1848 194 1895 circum
204 1851 308 1908 argento
318 1849 378 1897 clari
388 1850 511 1906 delphines
520 1850 546 1897 in
556 1850 637 1897 orbem

63 1931 169 1972 aequora
177 1918 308 1965 verrebant
317 1917 400 1966 caudis
410 1920 551 1974 aestumque
561 1918 684 1965 secabant.

63 1985 95 2031 In
105 1986 183 2033 medio
193 1986 280 2034 classes
289 1989 393 2044 aeratae,
403 1986 476 2034 Actia
485 1987 557 2043 bella,

63 2069 162 2101 cernere
172 2057 234 2112 erat,
244 2056 371 2110 totumque
380 2055 503 2101 instructo
512 2054 595 2100 Marte
604 2054 699 2101 videres

63 2122 159 2170 fervere
168 2124 292 2172 Leucaten
301 2139 407 2179 auroque
417 2123 533 2178 effulgere
544 2121 641 2169 fluctus.

64 2191 131 2239 Hinc
141 2192 268 2248 Augustus
278 2207 353 2250 agens
363 2191 439 2238 Italos
449 2190 475 2237 in
485 2188 577 2246 proelia
587 2189 677 2236 caesar

64 2275 121 2307 cnm
131 2262 241 2316 patribus
250 2262 392 2318 populoque,
403 2259 531 2316 penatibus
541 2259 566 2304 et
576 2259 672 2313 magnis
682 2258 728 2315 dis,

17 2331 55 2371 680
65 2331 134 2376 stans
138 2330 202 2377 celsa
211 2331 237 2377 in
246 2331 333 2387 puppi余
347 2330 455 2386 geminas
466 2328 505 2375 cui
514 2329 625 2382 tempora
632 2327 742 2375 flammas

64 2399 131 2446 laeta
140 2401 243 2446 vomunt
253 2400 407 2455 patriumque
418 2396 528 2452 aperitur
537 2395 628 2442 vertice
638 2395 713 2443 sidus.

64 2468 141 2515 Parte
151 2468 200 2516 alia
208 2469 288 2517 ventis
297 2469 322 2515 et
332 2468 368 2515 dis
378 2466 490 2524 Agrippa
499 2464 609 2513 secundis

114 2536 123 2586 (
132 2537 185 2586 続15)
