1972 3164
310 164 419 206 AENEIS.
445 166 476 205 XI

10 276 49 314 370
59 260 122 308 aude
131 261 204 316 alque
213 261 342 308 adversum
351 261 427 309 fidens
436 261 475 310 fer
484 265 569 319 pectus
577 262 604 310 in
612 262 715 312 hostem.

59 329 156 377 Scilicet
166 331 195 376 ub
205 330 289 376 Turno
298 330 425 387 conlingat
433 331 504 388 regia
512 332 624 390 coniunx,

58 412 103 444 nos
112 397 207 444 animae
217 397 285 454 viles,
295 398 423 445 inhumata
432 398 561 455 infletaque
570 399 652 458 turba,

58 467 199 513 sternamur
209 466 316 522 campis?
344 467 428 514 Etiam
438 470 475 525 iu,
486 467 507 515 si
520 483 568 524 qua
576 467 621 515 tibi
630 469 676 524 vis,

57 533 79 582 si
88 533 163 589 patrii
172 533 229 589 quid
240 534 330 581 Martis
339 533 423 592 babes,
433 534 502 582 illum
511 535 591 592 aspice
601 538 694 593 conns

57 601 100 657 qui
108 601 197 648 vocal?

86 669 185 716 Talibus
195 669 286 717 exarsib
295 669 366 717 dictis
375 670 491 718 violencia
500 671 585 720 Turni.

57 737 101 784 dal
111 738 228 794 gemitum
238 739 378 795 rumpimus
387 739 431 786 bas
441 739 489 786 imo
498 742 594 796 pectore
603 752 673 790 voces
684 762 690 789 ε

58 805 154 862 ‘Larga
163 806 267 864 quidem,
278 807 383 864 Drance,
394 823 489 864 semper
497 807 543 855 libi
551 810 621 865 copia
628 810 699 858 fandi

57 879 119 935 lum,
127 894 182 925 cum
188 879 253 926 bella
259 895 346 926 manus
352 882 464 938 poscunt,
473 881 629 938 patribusque
638 882 731 930 vocabis

10 953 47 1003 380
57 945 149 1002 primus
158 947 223 995 ades.
254 947 301 995 Sed
310 963 358 995 non
367 947 482 1004 replenda
491 951 529 997 esi
539 950 606 997 curia
614 946 703 1007 verbis,

57 1029 118 1070 quae
127 1016 182 1062 luto
191 1016 237 1063 libi
245 1031 335 1072 magua
344 1016 437 1074 volant,
448 1016 507 1063 dum
516 1017 617 1065 distinei
625 1018 722 1064 hostem

56 1098 133 1139 agger
141 1099 266 1131 murorum
275 1099 321 1132 nec
329 1084 451 1131 inundant
461 1084 577 1140 sauguine
586 1085 674 1132 fossae.

56 1151 161 1199 Proinde
170 1154 229 1198 bona
239 1152 340 1210 eloquio,
352 1153 450 1199 solitum
459 1151 513 1210 libi,
524 1168 609 1208 meque
618 1152 712 1199 limeris

57 1234 133 1275 argue
142 1221 180 1275 bu,
190 1219 297 1276 Drance,
307 1221 404 1275 quaudo
413 1221 451 1266 bob
461 1220 551 1276 stragis
562 1232 660 1267 acervos

57 1287 206 1334 Teucrorum
215 1289 261 1334 lua
269 1287 357 1334 dextra
366 1287 441 1344 dedit,
452 1287 586 1343 passimque
596 1289 702 1345 tropaeis

57 1355 159 1411 insignis
169 1369 249 1412 agros.
279 1354 360 1401 Possii
370 1355 427 1410 quid
436 1354 517 1402 vivida
526 1356 614 1414 virtus,

56 1423 181 1478 experiare
191 1423 248 1470 licei
256 1441 262 1480 3
277 1438 322 1470 nec
331 1421 402 1479 louge
411 1423 501 1470 sciliceb
511 1423 592 1470 hostes

56 1492 187 1548 quaerendi
196 1491 276 1538 uobis:
293 1491 453 1538 circumstant
462 1492 567 1547 undique
577 1504 666 1540 muros.

57 1561 126 1608 Imus
135 1560 161 1607 in
171 1560 304 1608 adversos?
331 1559 389 1615 quid
399 1561 493 1607 cessas?
520 1575 553 1606 au
562 1561 607 1607 libi
617 1558 717 1611 Mavors

10 1642 46 1682 390
56 1630 158 1675 ventosa
166 1628 192 1674 in
202 1627 286 1685 lingua
296 1627 442 1684 pedibusque
451 1627 579 1685 fugacibus
588 1627 641 1676 isla

55 1712 151 1752 semper
160 1695 225 1743 crib?

56 1766 144 1813 Pulsus
167 1768 226 1822 ego?
251 1766 295 1813 aut
319 1764 444 1821 quisquam
468 1765 562 1822 merito,
585 1765 729 1825 foedissime,

111 1834 208 1890 pulsum

55 1904 151 1961 argues,
162 1903 238 1951 Iliaco
246 1901 368 1950 tumidum
377 1902 418 1960 qui
428 1917 533 1950 crescere
544 1900 661 1958 Thybrim

55 1972 171 2029 sanguiue
181 1974 206 2019 eb
216 1971 325 2019 Evandri
334 1973 412 2020 lolam
427 1987 482 2021 cum
492 1972 567 2027 stirpe
577 1969 668 2019 videbib

55 2040 209 2097 procubuisse
219 2041 324 2096 domum,
335 2042 408 2095 alque
418 2041 503 2086 exubos
512 2039 621 2086 Arcadas
630 2039 722 2086 armis?

56 2108 131 2156 Haud
141 2108 177 2156 ila
186 2123 224 2155 me
234 2108 328 2162 experti
337 2107 417 2153 Bitias
427 2108 452 2153 el
461 2106 589 2152 Pandarus
598 2104 694 2163 iugens,

55 2179 81 2226 eb
91 2191 150 2233 quos
160 2177 225 2223 mille
235 2176 273 2223 die
283 2175 361 2222 victor
370 2173 415 2221 sub
425 2173 530 2220 Tartara
542 2169 605 2229 mlsl,

55 2245 164 2294 inclusus
174 2244 250 2290 muris
260 2242 389 2297 hostilique
399 2257 487 2298 aggere
497 2242 603 2297 saepius.

56 2313 158 2362 “Nulla
167 2312 232 2360 salus
240 2310 330 2358 bello.''
361 2309 442 2364 capili
451 2323 510 2356 cane
519 2309 588 2366 talia,
599 2309 705 2366 demens,

10 2400 45 2437 ιω
56 2381 182 2444 Dardanio
191 2380 309 2436 rebusque
318 2378 377 2425 tuis.
407 2376 511 2424 Proinde
520 2373 601 2423 omnia
610 2392 699 2436 magno

56 2468 86 2500 ne
97 2467 164 2500 cessa
173 2451 272 2498 turbare
282 2450 358 2505 melu,
369 2448 441 2502 alque
450 2445 564 2495 extollere
573 2447 636 2494 vires

104 2520 174 2570 (3⁸7)
375 2524 410 2554 Μ
