1972 3164
405 109 552 151 BUOOLIOA.
577 111 609 151 IX

170 209 206 258 sio
215 206 291 266 cytiso
301 207 386 265 pasiae
395 205 536 255 distendant
545 205 621 254 ubera
629 221 715 256 vaeoaa
724 227 729 255 :

169 279 257 336 incipe,
268 277 355 334 siquid
365 277 447 324 habes.
477 277 511 324 Et
521 291 559 324 me
568 276 648 336 faeere
657 278 752 332 poetam

172 347 288 404 Pierides,
299 347 358 393 suni
367 348 393 393 ei
402 345 462 392 mihi
472 344 589 402 earmina,
599 359 638 391 me
648 360 740 401 quoque
750 345 834 393 dieunt

171 418 253 463 vaiem
263 416 370 471 pastores
379 434 385 472 ;
400 414 441 461 sed
450 429 500 461 non
508 429 553 470 ego
563 413 675 461 credulus
684 414 740 462 illis.

170 485 236 532 Nam
246 499 323 540 neque
333 483 412 531 adhue
422 482 497 531 Vario
505 482 588 530 videor
597 498 642 530 nee
652 482 731 531 dicere
742 483 820 530 Cinna

171 553 254 610 digna,
266 552 307 599 sed
316 553 416 610 argutos
426 551 490 598 inter
500 552 608 606 strepere
617 566 688 598 anser
698 551 783 599 olores.

196 622 234 669 M.
265 620 396 677 quuidem
404 619 845 678 agoaiiaeiiuaLyoidameonmipse

227 689 320 746 voluto,
825 730 827 740 Α

171 757 192 805 si
201 757 296 804 valeam
305 757 441 804 meminisse
449 775 455 812 3
469 771 545 812 neque
555 759 592 804 esi
601 756 706 814 ignobile
716 772 821 805 carmen.

172 826 179 848 ⁶
188 826 317 882 Hnoades,
326 825 451 873 oGaIaiea
459 844 466 882 3
479 824 532 881 quis
538 825 576 872 esi
581 839 639 871 nam
648 824 720 871 ludus
727 825 753 871 in
759 825 846 872 undis?

133 907 161 942 ⁴0
173 894 222 942 Hie
231 909 274 942 ver
284 909 440 950 purpureum,
451 893 530 940 varios
539 892 579 940 hio
588 892 689 942 flumina
698 892 789 940 circum

173 962 256 1009 fnndii
265 963 353 1009 humus
364 962 442 1020 flores,
452 962 492 1009 hio
502 961 604 1009 eandida
612 961 715 1018 popalus
725 963 798 1009 aniro

173 1031 291 1088 imminei,
302 1032 327 1078 ei
336 1031 416 1078 leniae
425 1031 513 1078 texunt
521 1030 664 1078 umbracula
673 1030 734 1078 vitos
743 1051 749 1078 z

173 1100 222 1148 huo
231 1100 289 1147 ades
298 1120 305 1157 ;
319 1099 399 1147 insani
408 1099 498 1147 seriani
506 1099 557 1147 sine
566 1099 641 1147 litora
650 1099 755 1147 fluetus)

199 1169 229 1217 L.
257 1167 714 1226 and‚quaetepurasolumsubnoeie
721 1168 847 1215 canentem

174 1237 314 1284 audieram?
327 1251 440 1284 numeros
450 1236 557 1293 memini,
567 1236 588 1283 si
597 1235 672 1283 verba
681 1237 797 1283 tenerem.

174 1304 298 1363 ‘Daphni
308 1306 365 1362 quid
374 1305 487 1361 antiquos
497 1304 621 1362 signorum
632 1303 733 1358 suspicis
743 1305 827 1350 orins?

174 1374 239 1422 ane
248 1373 350 1422 Dionaei
359 1373 477 1430 prooessit
488 1372 598 1420 Caesaris
607 1373 710 1428 astrum,

174 1443 278 1500 astrum,
288 1457 334 1498 quo
343 1443 436 1500 segetes
445 1440 581 1498 gauderent
590 1439 702 1498 frugibus
712 1441 737 1487 ei
746 1454 794 1495 quo

174 1510 274 1558 dneerei
284 1509 370 1566 aprinis
380 1509 406 1556 in
416 1509 516 1557 collibus
526 1524 575 1555 uva
584 1508 694 1557 colorem.

138 1596 163 1630 30
176 1579 267 1636 Insere,
277 1578 384 1635 Daphni,
395 1577 475 1634 piros;
491 1579 642 1633 carpentius
651 1592 723 1633 poma
732 1579 848 1633 neposes!

200 1648 237 1696 M.
266 1645 716 1704 Omniafertaetas‚animumqu0que;
730 1660 850 1709 saepeego

231 1716 314 1773 longos

176 1785 298 1833 eaniando
307 1799 410 1841 puerum
420 1783 518 1832 memini
527 1799 566 1832 me
573 1784 675 1832 condere
685 1783 745 1831 soles
755 1803 761 1830 ι

176 1869 242 1901 nuno
250 1853 326 1901 obliia
335 1853 394 1900 mihi
402 1855 442 1902 aot
451 1853 558 1901 earmina
567 1872 574 1910 ;
588 1867 636 1901 vox
645 1867 737 1908 quoque
746 1851 849 1898 Moerim

176 1922 225 1968 iarn
234 1921 300 1981 sagii
309 1921 375 1979 ipsa3
388 1921 441 1978 lupi
449 1922 552 1969 Moerim
561 1921 642 1968 videre
652 1920 751 1977 priores.

178 1990 227 2037 Sed
235 1991 319 2037 tamen
327 1989 376 2037 ista
385 1990 445 2038 satis
454 1990 545 2038 referet
554 1989 600 2037 iibi
610 2004 680 2044 saepe
690 1988 822 2035 Menalcas.

202 2058 232 2106 L.
260 2059 387 2106 Causando
396 2060 491 2106 nosiros
500 2059 526 2105 in
535 2057 634 2114 longum
644 2057 711 2105 ducis
722 2070 822 2102 amores.

178 2128 212 2174 Ei
221 2142 287 2174 nuno
296 2141 366 2174 omne
375 2126 421 2174 tihi
430 2128 536 2174 simiam
546 2126 601 2173 silet
610 2140 708 2181 aequor,
718 2125 743 2171 ei
753 2137 844 2177 omnes,

178 2195 266 2252 aspice,
276 2195 371 2243 ventosi
380 2195 517 2242 oeciderunt
527 2193 657 2240 murmuris
667 2207 750 2239 aurae.

180 2263 245 2310 Hinc
255 2264 314 2310 adeo
324 2263 403 2311 media
411 2262 524 2310 osinobis
534 2262 588 2318 via3
602 2274 705 2314 namque
715 2258 852 2319 sepulerum

141 2343 166 2380 60
178 2331 264 2388 incipis
273 2346 391 2387 apparere
400 2331 526 2378 Bianoris:
544 2329 592 2386 hio,
602 2328 644 2375 ubi
654 2327 739 2374 densas

180 2399 300 2460 agr-leolae
310 2400 434 2456 stringunt
443 2399 549 2455 frondes,
560 2397 608 2454 hie,
619 2395 706 2452 Moeri,
717 2410 845 2458 canamus:

226 2468 284 2518 (35)
485 2475 522 2504 1³2
