1972 3164
454 186 550 226 CULEX

165 286 244 332 sinon
251 284 351 341 Assyrio
359 285 455 332 fervent
465 284 502 331 bis
512 285 580 331 lauta
589 285 666 333 colore

165 353 279 400 Attalicis
289 352 373 408 opibus
383 353 441 399 data
450 353 548 410 vellera,
560 353 580 399 si
589 354 654 399 nitor
663 353 717 399 auri

166 421 212 467 sub
221 420 332 475 laqueare
342 421 427 467 domus
437 421 544 467 animum
555 436 603 467 non
613 422 682 476 angit
692 436 801 477 avarum,

167 489 320 544 picturaeque
331 489 412 546 decus,
423 489 530 544 lapidum
539 504 584 536 nec
593 489 674 544 fulgor
683 489 708 534 in
718 489 769 534 ulla

168 556 278 613 cognitus
287 557 394 603 utilitate
405 559 495 613 manet,
506 573 550 604 nec
560 557 645 612 pocula
656 557 756 604 Graium

167 624 264 671 Alconis
274 625 384 673 referunt
395 626 543 682 †Boethique
553 628 670 683 toreuma,
681 641 725 672 nec
734 625 790 672 Indi

122 693 271 803 xouchea
280 693 341 740 baca
350 694 424 740 maris
434 694 513 750 pretio
522 695 559 740 est
568 695 615 741 :at
624 696 719 750 pectore
729 709 790 749 puro

215 777 238 816 re
248 777 321 817 super
330 764 415 809 tenero
424 763 555 817 prosternit
565 763 673 818 gramine
683 778 777 819 corpus,

203 830 253 875 ,ida
262 845 317 876 cum
327 830 400 876 tellus
409 831 553 886 gemmantis
563 831 629 886 picta
638 847 681 886 per
689 830 777 877 herbas

168 910 224 942 vere
233 898 303 943 notat
313 898 391 944 dubiis
401 898 516 946 distincta
525 899 642 946 coloribus
652 915 719 946 arva.

167 980 171 991 ·
186 965 239 1018 tque
248 964 325 1022 illum,
337 965 429 1013 calamo
438 967 529 1014 laetum
536 967 658 1014 recinente
666 967 777 1023 palustri,

168 1032 260 1088 „usqae
269 1034 360 1081 invidia
370 1036 495 1092 degentem
505 1052 533 1083 ac
543 1036 628 1082 fraude
638 1037 739 1091 remota,

166 1100 341 1158 pollentemque
351 1103 404 1160 sibi,
415 1104 487 1150 viridi
497 1120 551 1151 cum
562 1103 662 1158 palmite
671 1103 754 1148 lucens

168 1167 262 1214 Tmolia
270 1171 398 1225 pampineo
409 1171 493 1216 subter
503 1185 572 1216 coma
580 1168 646 1215 velat
658 1169 756 1214 amictu.

122 1258 124 1265 ·
168 1231 204 1277 illi
213 1236 271 1278 sunt
280 1237 365 1288 gratas
374 1237 485 1280 rorantes
494 1236 558 1281 lacte
569 1234 674 1290 capellae

169 1300 194 1346 et
204 1315 288 1347 nemus
297 1303 322 1347 et
332 1301 437 1347 tecunda
446 1301 517 1348 Pales
527 1304 551 1348 et
561 1303 663 1349 vallibus
672 1303 739 1349 intus

169 1383 263 1422 semper
272 1383 348 1423 opaca
357 1369 424 1415 novis
433 1370 558 1416 manantia
569 1369 676 1416 fontibus
686 1374 766 1418 antra.

169 1436 222 1491 quis
232 1436 308 1491 magis
317 1438 403 1492 optato
412 1439 484 1492 queat
494 1452 544 1484 esse
554 1438 647 1485 beatior
656 1454 722 1495 aevo,

133 1512 158 1552 80
169 1519 241 1558 quam
250 1504 292 1559 qui
301 1506 381 1551 mente
392 1505 476 1560 procul
485 1522 547 1561 pura
556 1521 673 1561 sensuque
683 1507 806 1562 probando

169 1569 217 1619 non
227 1573 310 1618 avidas
320 1573 420 1628 agnovit
430 1587 487 1628 opes
497 1589 541 1620 nec
550 1574 631 1620 tristia
640 1574 704 1621 bella

168 1656 213 1688 nec
222 1641 321 1688 funesta
330 1641 401 1688 timet
411 1641 503 1688 validae
513 1641 647 1689 certamina
656 1642 747 1700 classis,

168 1725 226 1764 non,
237 1708 319 1764 spoliis
329 1709 387 1755 dum
397 1711 483 1756 sancta
492 1710 563 1756 deum
572 1709 722 1766 fulgentibus
732 1713 802 1758 ornet

168 1777 261 1832 templa
269 1792 314 1824 nco
323 1780 421 1825 evectus
430 1777 502 1824 finem
512 1778 668 1824 transcendat
678 1778 790 1836 habendi,

169 1846 297 1892 adversum
307 1845 384 1892 saevis
394 1845 459 1891 ultro
468 1847 542 1900 caput
552 1845 660 1892 hostibus
670 1847 758 1895 offert?

167 1914 202 1960 illi
212 1914 273 1961 falce
283 1915 342 1960 deus
353 1914 447 1970 colitur,
459 1929 507 1960 nou
517 1917 570 1960 arte
580 1914 677 1972 politus,

166 1981 206 2028 ille
217 1983 273 2030 colit
284 1983 358 2039 lucos,
368 1983 405 2028 illi
415 1982 538 2029 Panchaia
547 1983 605 2028 tura

166 2050 264 2096 floribus
273 2053 381 2108 agrestes
388 2050 477 2096 herbae
486 2051 636 2096 variantibus
646 2051 748 2108 addunt,

168 2115 205 2162 illi
214 2116 289 2162 dulcis
299 2118 368 2164 adest
378 2117 470 2172 requies
480 2120 505 2164 et
515 2134 577 2174 pura
586 2118 707 2175 voluptas,

122 874 140 907 7(

132 2200 159 2236 90
169 2183 253 2240 libera,
264 2184 409 2239 simplicibus
420 2186 500 2243 curis3
515 2187 563 2233 huc
574 2186 684 2244 inminet,
696 2203 777 2234 omnes

170 2251 258 2306 derigit
267 2251 314 2299 huc
324 2267 415 2309 sensus,
426 2253 483 2301 haec
493 2271 553 2301 cura
561 2256 599 2301 est
609 2255 707 2302 subdita
716 2256 789 2312 cordi,

170 2319 274 2374 quolibet
284 2321 313 2367 ut
322 2322 403 2377 requie
411 2321 438 2368 in
447 2323 514 2371 victu
524 2325 652 2370 contentus
662 2324 776 2380 abundet,

169 2387 319 2444 iucundoque
327 2389 391 2446 riget
400 2391 541 2447 languentia
551 2406 652 2447 corpora
662 2406 752 2440 somno.

168 2471 182 2503 o
192 2456 303 2514 pecudes,
313 2472 327 2504 o
336 2473 410 2514 panes
419 2460 444 2506 et
453 2460 616 2516 optatissima
624 2461 705 2515 tempe

220 2523 271 2574 (447
281 2527 288 2574 l
