1972 3164
368 183 392 222 P.
405 181 524 222 vulsum
537 180 669 220 MARONIS

178 281 280 337 rupibus
289 282 315 328 et
325 280 428 336 scopulis
438 281 464 327 et
473 278 584 325 litoribus
593 278 708 326 desertis.

131 371 168 408 φο
179 365 223 397 ucc
229 353 312 397 tamen
318 349 363 396 hoc
369 350 447 404 ipsum
454 362 532 403 poena
538 347 601 394 sine:
615 362 725 404 namque
731 348 804 396 deum
810 365 860 408 rex,

179 418 261 465 omnia
270 417 311 472 qui
320 416 420 472 imperio
427 418 548 462 terrarum
558 414 627 460 milia
635 417 730 474 versat,

180 488 314 533 commotus
323 484 398 531 talem
408 485 439 530 ad
449 498 547 539 superos
557 482 661 529 volitare
671 484 790 543 puellam,

180 554 239 601 dum
250 555 320 608 pater
329 552 451 599 extinctus
461 567 532 598 caeca
542 550 668 598 subnecte
677 551 779 610 lateret,

180 621 217 668 illi
226 636 271 676 pro
281 621 373 676 pietate
383 636 427 667 suu
437 622 503 677 (nam
514 635 584 674 saepe
594 619 724 674 vineatum

180 689 298 744 sanguiue
308 690 435 735 taurorum
446 688 547 745 supplex
557 691 711 743 resperserat
720 706 787 748 arus,

181 771 252 812 saepe
262 755 333 803 deum
343 756 412 811 largo
422 757 548 803 decorarat
558 770 659 802 munere
668 758 749 815 sedes)

181 824 286 871 reddidit
295 826 405 879 optatam
416 826 512 871 mutato
522 839 622 880 corpore
631 825 720 882 vitam,

98 933 106 947 ,
181 891 286 947 fecitque
295 892 321 937 in
331 891 404 938 terris
413 891 531 938 haliaetus
540 891 591 938 ales
600 894 629 938 ut
639 894 705 939 esset
716 913 722 940 ι

182 959 271 1015 quippe
280 959 366 1015 aquilis
376 974 471 1015 semper
479 959 570 1015 gaudet
580 959 640 1006 deus
649 959 692 1008 ille
703 962 820 1010 coruscis.

136 1049 173 1086 530
183 1027 240 1075 huic
249 1043 307 1074 vero
316 1027 425 1084 miserae,
436 1028 548 1083 quoniam
558 1028 675 1075 damnata
685 1029 788 1077 deorum

183 1096 271 1143 iudicio
284 1096 377 1150 fatique
386 1098 411 1142 et
421 1096 529 1154 coniugis
539 1098 597 1142 ante
605 1096 703 1154 luisset,

183 1163 267 1210 infesti
276 1163 389 1219 adposuit
398 1164 480 1210 odium
490 1163 586 1210 crudele
595 1165 714 1220 parentis.

183 1247 287 1287 namque
296 1233 325 1278 ut
334 1231 360 1278 in
370 1231 477 1278 aetherio
487 1231 611 1287 signorum
621 1231 715 1281 lumine
724 1236 865 1291 praestans,

183 1315 260 1346 uuum
270 1315 341 1356 quem
351 1299 441 1355 duplici
451 1299 576 1347 stellarum
586 1315 688 1347 munere
698 1301 757 1359 vidi,

184 1368 294 1424 Scorpios
305 1368 405 1415 alternis
416 1368 509 1415 clarum
518 1368 590 1425 fugat
600 1367 701 1425 Orione,

184 1436 217 1484 sic
227 1436 292 1483 inter
301 1451 352 1483 sese
362 1436 444 1483 tristes
453 1436 570 1483 haliaetus
580 1435 629 1482 iras

184 1507 209 1551 ct
219 1505 274 1551 ciris
284 1504 384 1551 memori
394 1507 493 1551 servant
502 1504 534 1551 ad
543 1503 639 1551 saecula
648 1505 710 1552 feto.

185 1587 334 1628 quacumque
343 1572 386 1618 illa
396 1573 472 1620 levem
482 1571 577 1629 lugiens
587 1574 653 1619 secat
663 1589 723 1621 aera
732 1577 830 1634 pennis,

185 1655 239 1687 ecce
249 1640 368 1696 inimicus,
380 1642 460 1697 atrox,
471 1656 559 1697 magno
569 1639 674 1687 stridore
684 1658 730 1697 pcr
739 1659 816 1691 auras

137 1723 174 1760 540
185 1707 319 1761 insequitur
328 1708 402 1753 Nisus
413 1726 419 1763 ;
437 1723 485 1763 qua
494 1723 519 1754 se
529 1708 578 1754 fert
588 1708 663 1754 Nisus
672 1710 705 1756 ad
715 1726 799 1770 auras,

184 1775 227 1821 illa
236 1775 312 1823 levem
322 1775 419 1830 fugiens
429 1777 520 1831 raptim
530 1778 595 1823 secat
604 1790 662 1822 aera
672 1779 768 1832 pennis.
778 1804 792 1829 ι

442 1986 600 2062 COPA

189 2182 297 2275 OOPA
307 2183 412 2240 Surisca,
423 2185 497 2238 caput
508 2184 600 2230 Graeca
610 2184 724 2232 redimita
733 2187 838 2242 mitella,

272 2252 377 2306 crispum
387 2251 431 2297 snb
442 2251 533 2298 crotalo
543 2252 615 2298 docta
624 2267 722 2300 movere
732 2254 809 2312 lutus,

186 2318 253 2365 ebria
262 2320 356 2367 famosa
365 2320 440 2366 saltat
450 2319 540 2366 lasciva
549 2320 660 2376 taberna,

214 2387 246 2432 ud
256 2387 365 2434 cubitum
375 2403 461 2433 raucos
471 2387 594 2434 excutiens
604 2388 711 2434 calamos
722 2409 727 2435 :

187 2454 259 2510 ‘quid
268 2457 337 2504 iuvat
346 2457 438 2504 aestivo
448 2458 568 2504 defessum
578 2457 677 2512 pulvere
687 2458 773 2506 abesse

234 2522 287 2572 (474
297 2525 305 2572 l
