1972 3164
294 173 445 214 ducamen
470 176 505 214 III

60 283 116 317 cum
126 268 191 326 fugit
200 268 226 316 in
233 270 367 327 Rhodopen
377 273 451 327 atque
460 272 486 318 in
496 273 592 320 deserta
601 273 729 331 Getarum,

60 340 86 385 et
95 337 133 385 lac
143 341 283 386 concretum
294 355 349 386 cum
361 341 479 396 sanguine
489 343 560 396 potat
569 342 663 396 equino.

60 406 139 463 Quam
150 408 234 462 procul
244 410 288 454 aut
295 408 362 454 molli
372 409 500 456 succedere
510 409 606 465 saepius
616 411 717 458 umbrac

60 475 148 522 videris
158 477 202 522 ant
213 492 318 524 summas
328 480 468 533 carpentem
478 478 590 534 ignavius
600 479 696 535 herbas,

60 546 241 600 extremamque
251 546 317 601 sequi
327 547 371 592 aut
381 546 460 593 medio
469 547 627 602 procumbere
637 563 723 603 eampo

61 614 201 668 pascentem
211 615 236 660 et
246 629 313 661 serae
323 615 400 661 solam
410 615 525 662 decedere
535 615 610 672 nocti,

62 680 177 728 continuo
187 681 283 739 cuipam
293 682 359 729 ferro
368 698 490 738 compesce
500 683 640 739 priusquam

62 749 116 796 dira
125 765 169 805 per
178 750 303 797 incautum
314 752 414 806 serpant
423 751 536 807 contagia
545 751 642 809 vulgus.

13 840 50 876 ⁴70
62 818 119 865 Non
128 819 180 864 tam
190 818 274 865 creber
283 833 356 875 agens
365 819 467 866 hiemem
477 819 527 865 ruit
537 835 639 875 aequore
649 820 730 876 turbo,

62 901 135 941 quam
145 886 236 934 multae
246 887 365 942 pecudum
375 889 463 942 pestes.
492 887 544 934 Nec
556 887 652 944 singula
661 886 739 934 morbi

61 969 165 1009 corpora
174 954 316 1012 corripiunt,
327 955 368 1002 sed
378 957 432 1001 tota
438 955 530 1002 aestiva
539 958 647 1012 repente,

62 1038 176 1078 spemque
191 1039 333 1082 gregemque
347 1023 418 1071 simul
434 1025 593 1079 cunctamque
606 1024 637 1071 ab
647 1024 739 1080 origine

120 1093 225 1150 gentem.

62 1161 126 1207 'lbnn
137 1161 206 1217 sciat,
217 1161 295 1207 atrias
305 1161 379 1217 Alpes
389 1164 414 1208 et
423 1162 515 1208 Norica
525 1161 545 1208 si
555 1161 608 1216 quis

62 1229 164 1277 castella
172 1230 198 1275 in
208 1230 308 1276 tumulis
318 1232 343 1276 et
353 1230 450 1285 Iapydis
461 1245 520 1276 arva
530 1228 627 1275 Timavi

62 1313 128 1344 nunc
138 1312 229 1354 quoquc
239 1300 294 1354 post
304 1300 374 1344 tanto
383 1298 464 1344 rideat
475 1297 618 1350 desertaque
626 1310 703 1351 regna

63 1368 189 1422 pastorum
199 1368 224 1414 et
234 1367 303 1422 longe
316 1367 393 1413 saltus
403 1366 499 1419 latmue
508 1364 632 1410 vacantes.

64 1436 113 1482 Hic
124 1435 244 1490 quondam
254 1435 337 1482 morbo
347 1434 407 1482 caeli
417 1432 555 1479 miseranda
564 1433 648 1478 coorta
657 1433 695 1478 est

63 1506 197 1559 tempestas
206 1505 304 1559 totoque
314 1503 426 1550 autumni
435 1501 562 1550 incanduit
572 1503 650 1557 aestu,

14 1588 53 1636 4⁸0
64 1573 90 1619 et
100 1586 176 1627 genus
186 1586 256 1618 omne
265 1571 318 1619 neci
328 1572 447 1628 pecudum
457 1570 532 1625 dedit,
543 1584 614 1615 omne
623 1569 740 1626 ferarum,

64 1639 220 1695 corrupitque
230 1640 305 1696 lacus,
313 1639 398 1687 infecit
408 1639 498 1695 pabula
507 1638 573 1685 tabo.

63 1709 117 1756 Nec
127 1708 167 1754 via
176 1709 260 1754 mortis
271 1710 324 1755 erat
334 1707 443 1764 simplex,
455 1707 496 1754 sed
507 1707 549 1753 ubi
558 1707 630 1763 ignea
639 1707 707 1754 venis

63 1776 175 1824 omnibus
185 1778 242 1824 acta
251 1776 304 1823 sitis
315 1776 413 1823 miseros
423 1775 558 1822 adduxerat
568 1776 647 1832 artus,

64 1861 150 1893 rursus
159 1845 299 1892 abundabat
308 1844 396 1892 fluidus
406 1844 484 1899 liquor
490 1843 616 1898 omniaque
626 1843 651 1889 in
661 1859 686 1890 ae

64 1931 120 1962 ossa
129 1914 269 1961 minutatim
280 1913 363 1960 morbo
373 1913 479 1969 collapsa
487 1912 610 1959 trahebat.

65 1984 144 2039 Saepe
153 1983 279 2030 inhonore
289 1984 360 2030 deum
370 1982 448 2029 medio
455 1983 523 2028 stans
533 1980 613 2027 hostia
623 1979 654 2026 ad
664 1993 741 2034 aram,

65 2054 138 2101 lanea
147 2054 205 2100 dum
215 2052 286 2099 nivea
295 2051 460 2099 circumdatur
469 2049 549 2096 infula
557 2049 630 2103 vitta,

66 2123 132 2171 inter
142 2122 285 2169 cunctantes
295 2119 381 2167 cecidit
391 2119 535 2166 moribunda
544 2117 675 2162 ministros.

66 2193 120 2239 Aut
130 2191 233 2246 siquam
243 2190 309 2236 ferro
318 2188 469 2235 mactaverat
478 2189 535 2232 ante
545 2183 663 2238 sacerdos,

16 2279 55 2317 ⁴90
66 2261 123 2307 inde
133 2274 210 2314 neque
219 2258 337 2314 impositis
347 2257 434 2304 ardent
444 2255 533 2302 altaria
542 2252 617 2308 fibris,

66 2344 112 2376 nce
121 2343 238 2384 responsa
247 2328 326 2382 potest
336 2325 459 2372 consultus
469 2323 569 2369 reddere
579 2322 656 2373 vates,

67 2414 96 2446 ac
106 2398 147 2443 vix
157 2396 275 2452 suppositi
284 2395 415 2450 tinguntur
424 2390 540 2448 sanguine
551 2386 624 2435 cultri

67 2481 210 2521 summaque
217 2465 299 2513 ieiuna
308 2463 374 2510 sanie
384 2461 523 2508 infuscatur
532 2458 631 2504 harena.

116 2534 176 2584 (89)
