1972 3164
452 150 477 192 P.
488 151 610 193 YERGILI
620 151 750 195 neotus

260 243 315 292 vin
322 244 379 304 riri,
388 261 437 295 nox
445 262 501 296 omn
509 248 590 296 terres
596 246 700 298 obscum
708 249 813 309 teneret,

260 315 360 372 sohque
371 317 517 365 culminssrus
526 318 598 366 ferali
606 318 714 366 eermine
723 319 789 367 bubo

260 400 334 440 nepe
342 385 410 441 queri
422 389 448 433 et
456 387 542 443 longus
550 386 577 432 in
586 387 671 433 fletum
680 388 767 435 duoere
776 403 856 437 voees.

261 453 390 510 1¹²¹&oe
399 459 525 510 praetereo
533 458 619 503 vatum
629 456 756 514 praedicte
764 457 874 513 priorum

260 523 365 569 terribili
373 524 468 570 monitu
475 524 625 573 horrifieent.
654 524 716 582 Agit
724 525 776 582 ipse
785 526 909 574 furentem

259 591 287 638 in
296 592 386 638 somn'ns
394 592 461 639 ferus
470 593 566 640 Aeuom
578 613 585 650 ;
600 609 741 649 semperque
749 593 853 650 relinqui

260 659 313 707 sols
321 659 376 716 ubi,
385 676 480 716 semper
488 661 586 718 longum
596 661 740 709 inoomitete
748 662 847 710 videtur

257 728 295 774 ire
307 728 374 775 riam
382 732 409 775 et
419 728 504 784 Tyrios
514 729 612 776 deserto
623 745 738 785 quaerere
747 731 816 778 terra
826 751 832 777 z

260 796 424 844 Eumenidum
430 796 507 843 veluti
513 797 612 844 demens
621 798 687 844 videt
693 797 792 856 agmine
801 797 925 846 Pentheus

211 876 251 912 ⁴7⁰
260 866 286 911 et
295 865 370 912 solem
379 865 502 922 geminum
512 866 538 912 et
547 865 655 921 dupiiees
666 881 691 913 se
698 866 824 913 ostendere
834 866 931 913 Thebes

260 935 304 979 sut
313 934 520 991 Agamemnonius
535 933 628 980 seeenis
637 934 746 990 agitatus
756 933 855 981 Orestes

259 1003 382 1047 ermetem
391 1001 486 1048 facibus
495 1003 599 1049 matrem
611 1003 637 1048 et
647 1000 800 1058 serpentibus
809 1001 871 1048 atris

260 1084 316 1116 eum
325 1069 399 1127 fugit,
409 1069 554 1125 ultrieesque
565 1069 648 1117 sedent
657 1069 684 1116 in
692 1068 775 1116 limine
785 1069 870 1118 Dirae.

288 1137 356 1194 Ergo
364 1137 407 1184 ubi
416 1138 525 1193 eonoepit
534 1137 612 1185 turim
621 1136 701 1185 eviets
709 1137 790 1184 dolore

261 1205 414 1262 decrevimus
423 1206 493 1263 mori,
503 1209 601 1262 tempus
611 1221 691 1253 seeum
701 1205 755 1261 ipse
763 1204 908 1263 modumque

260 1274 337 1332 exigit
344 1277 371 1322 et
379 1276 497 1322 maestum
507 1274 577 1321 dietis
591 1289 707 1332 eggressu
716 1289 823 1321 semrom

261 1344 388 1392 eonsilium
397 1343 470 1390 vultu
479 1343 542 1399 tegit
552 1358 581 1389 ee
590 1357 657 1398 spem
667 1341 749 1388 fronte
758 1343 870 1390 serenet:

262 1412 269 1434 ‘
278 1412 374 1469 Inveni,
383 1427 509 1469 germane,
519 1410 584 1457 viem
594 1410 702 1468 (gratare
712 1409 806 1467 sorori),

262 1495 324 1537 quae
332 1480 392 1528 mihi
400 1481 488 1527 reddat
496 1495 551 1527 eum
560 1477 600 1525 vel
609 1493 637 1526 eo
646 1493 685 1525 me
695 1478 774 1525 solvet
783 1479 917 1526 umentem.

212 1546 252 1596 4⁸0
262 1548 354 1597 Oeeeni
362 1549 434 1595 finem
443 1548 513 1594 iuxta
522 1546 641 1602 solemque
651 1545 776 1594 cedentem

260 1617 363 1664 ultimus
372 1617 520 1671 Aethiopum
529 1615 596 1662 loeus
606 1615 652 1672 est,
662 1613 704 1661 ubi
713 1613 833 1660 maximus
843 1613 917 1662 Atlns

260 1700 331 1734 exem
341 1700 425 1732 umero
435 1686 534 1739 torquet
543 1683 620 1731 stellis
630 1682 771 1730 ardentibus
781 1683 867 1738 aptum
876 1701 883 1731 ι

259 1753 317 1800 hine
326 1753 385 1798 mihi
395 1752 517 1808 Massylae
527 1751 607 1809 gentis
617 1753 754 1798 monstrate
763 1751 883 1808 saeerdos,

259 1821 423 1877 Hesperidum
433 1820 518 1875 templi
527 1823 609 1867 eustos
619 1820 749 1876 epulasque
759 1817 860 1866 droconi

259 1906 320 1947 quee
329 1889 403 1937 debut
412 1889 438 1935 et
448 1903 529 1935 saeros
539 1889 653 1936 servabat
662 1888 688 1935 in
697 1887 783 1934 arbore
792 1901 883 1943 remos,

260 1973 373 2016 spargens
383 1957 466 2003 umida
476 1957 548 2004 melle
558 1956 763 2013 soporiferumque
772 1970 888 2011 papaver.

260 2028 328 2075 Heeo
338 2042 364 2074 se
373 2023 520 2074 carminibus
530 2024 652 2081 promittit
662 2023 753 2072 solvere
760 2024 856 2070 mentes

260 2113 319 2154 ques
329 2095 395 2152 velit,
405 2095 444 2142 ust
454 2093 508 2141 eliis
518 2094 592 2141 dures
600 2093 732 2140 immittere
742 2106 822 2149 eures,

260 2167 345 2215 sistere
355 2179 441 2220 equum
450 2162 530 2209 fluviis
540 2164 564 2209 et
574 2164 669 2209 vertere
679 2162 759 2209 sidere
767 2160 836 2207 retro
847 2177 856 2217 ς

211 2257 249 2295 490
260 2237 438 2288 nocturnosque
447 2234 528 2280 movet
537 2246 620 2278 munes
630 2252 635 2278 ε
646 2230 740 2287 mugire
748 2228 842 2277 videbis

260 2305 305 2352 sub
315 2303 415 2361 pedibus
424 2303 516 2348 terram
526 2301 551 2347 et
561 2300 704 2347 descendere
713 2298 838 2347 montibus
847 2312 928 2345 ornos.

260 2374 355 2431 Testor,
365 2387 431 2428 eura,
442 2370 498 2417 deos
508 2370 533 2415 et
542 2370 575 2426 te,
585 2383 711 2425 germano,
721 2369 839 2423 tuumque

320 2461 355 2493 411
376 2467 394 2492 s.
402 2456 416 2492 1.
425 2454 526 2498 ‘piorum’
691 2453 728 2489 471.
748 2463 767 2488 u
774 2451 788 2488 1.
801 2451 882 2490 ‘indm'

308 2509 379 2557 (202)
