<?xml version="1.0" encoding="UTF-8"?>
<!DOCTYPE html PUBLIC "-//W3C//DTD XHTML 1.0 Transitional//EN"
    "http://www.w3.org/TR/xhtml1/DTD/xhtml1-transitional.dtd">
<html xmlns="http://www.w3.org/1999/xhtml" xml:lang="en" lang="en">
 <head>
  <title>
</title>
<meta http-equiv="Content-Type" content="text/html;charset=utf-8" />
  <meta name='ocr-system' content='tesseract 3.04.00' />
  <meta name='ocr-capabilities' content='ocr_page ocr_carea ocr_par ocr_line ocrx_word'/>
</head>
<body>
  <div class='ocr_page' id='page_1' title='image "./pvergilimaronis07virggoog/pvergilimaronis07virggoog_0480.png"; bbox 0 0 1972 3164; ppageno 0'>
   <div class='ocr_carea' id='block_1_1' title="bbox 480 177 554 216">
    <p class='ocr_par' dir='ltr' id='par_1_1' title="bbox 480 177 554 216">
     <span class='ocr_line' id='line_1_1' title="bbox 480 177 554 216; baseline 0.014 -1"><span class='ocrx_word' id='word_1_1' title='bbox 480 177 554 216; x_wconf 82' lang='lat' dir='ltr'><strong>CIRIS</strong></span> 
     </span>
    </p>
   </div>
   <div class='ocr_carea' id='block_1_2' title="bbox 130 275 867 2518">
    <p class='ocr_par' dir='ltr' id='par_1_2' title="bbox 130 275 867 2518">
     <span class='ocr_line' id='line_1_2' title="bbox 167 275 689 336; baseline 0 -14"><span class='ocrx_word' id='word_1_2' title='bbox 167 333 169 336; x_wconf 11' lang='lat' dir='ltr'>y</span> <span class='ocrx_word' id='word_1_3' title='bbox 179 275 294 332; x_wconf 81' lang='lat' dir='ltr'><strong>Pierides,</strong></span> <span class='ocrx_word' id='word_1_4' title='bbox 305 290 407 330; x_wconf 88' lang='lat' dir='ltr'>quarum</span> <span class='ocrx_word' id='word_1_5' title='bbox 418 277 497 322; x_wconf 87' lang='lat' dir='ltr'>castos</span> <span class='ocrx_word' id='word_1_6' title='bbox 507 275 600 321; x_wconf 79' lang='lat' dir='ltr'>alvaria</span> <span class='ocrx_word' id='word_1_7' title='bbox 610 277 689 330; x_wconf 85' lang='lat' dir='ltr'>postes</span> 
     </span>
     <span class='ocr_line' id='line_1_3' title="bbox 178 344 833 399; baseline -0.002 -8"><span class='ocrx_word' id='word_1_8' title='bbox 178 361 278 391; x_wconf 90' lang='lat' dir='ltr'>munere</span> <span class='ocrx_word' id='word_1_9' title='bbox 288 360 358 399; x_wconf 85' lang='lat' dir='ltr'>saepe</span> <span class='ocrx_word' id='word_1_10' title='bbox 368 359 421 391; x_wconf 92' lang='lat' dir='ltr'>meo</span> <span class='ocrx_word' id='word_1_11' title='bbox 433 344 551 399; x_wconf 89' lang='lat' dir='ltr'>inficiunt,</span> <span class='ocrx_word' id='word_1_12' title='bbox 560 344 697 399; x_wconf 84' lang='lat' dir='ltr'>foribusque</span> <span class='ocrx_word' id='word_1_13' title='bbox 708 344 833 399; x_wconf 76' lang='lat' dir='ltr'><strong>hyacinthi</strong></span> 
     </span>
     <span class='ocr_line' id='line_1_4' title="bbox 178 413 757 468; baseline -0.003 -8"><span class='ocrx_word' id='word_1_14' title='bbox 178 414 302 468; x_wconf 83' lang='lat' dir='ltr'>deponunt</span> <span class='ocrx_word' id='word_1_15' title='bbox 312 413 381 459; x_wconf 87' lang='lat' dir='ltr'>flores</span> <span class='ocrx_word' id='word_1_16' title='bbox 391 414 435 458; x_wconf 89' lang='lat' dir='ltr'>aut</span> <span class='ocrx_word' id='word_1_17' title='bbox 445 427 518 459; x_wconf 82' lang='lat' dir='ltr'>suave</span> <span class='ocrx_word' id='word_1_18' title='bbox 529 413 617 459; x_wconf 89' lang='lat' dir='ltr'>rubens</span> <span class='ocrx_word' id='word_1_19' title='bbox 628 413 757 468; x_wconf 82' lang='lat' dir='ltr'><strong>narcissus,</strong></span> 
     </span>
     <span class='ocr_line' id='line_1_5' title="bbox 178 481 743 538; baseline 0 -10"><span class='ocrx_word' id='word_1_20' title='bbox 178 485 222 529; x_wconf 90' lang='lat' dir='ltr'>aut</span> <span class='ocrx_word' id='word_1_21' title='bbox 236 497 319 529; x_wconf 87' lang='lat' dir='ltr'>crocus</span> <span class='ocrx_word' id='word_1_22' title='bbox 329 481 425 528; x_wconf 89' lang='lat' dir='ltr'>alterna</span> <span class='ocrx_word' id='word_1_23' title='bbox 435 481 582 538; x_wconf 82' lang='lat' dir='ltr'>coniungens</span> <span class='ocrx_word' id='word_1_24' title='bbox 593 481 644 528; x_wconf 88' lang='lat' dir='ltr'>lilia</span> <span class='ocrx_word' id='word_1_25' title='bbox 653 482 743 538; x_wconf 86' lang='lat' dir='ltr'>caltha,</span> 
     </span>
     <span class='ocr_line' id='line_1_6' title="bbox 178 550 866 607; baseline -0.003 -8"><span class='ocrx_word' id='word_1_26' title='bbox 178 566 308 607; x_wconf 86' lang='lat' dir='ltr'>sparsaque</span> <span class='ocrx_word' id='word_1_27' title='bbox 318 550 440 596; x_wconf 82' lang='lat' dir='ltr'>liminibus</span> <span class='ocrx_word' id='word_1_28' title='bbox 450 550 520 597; x_wconf 88' lang='lat' dir='ltr'>floret</span> <span class='ocrx_word' id='word_1_29' title='bbox 530 566 597 606; x_wconf 91' lang='lat' dir='ltr'>rosa;</span> <span class='ocrx_word' id='word_1_30' title='bbox 613 566 677 597; x_wconf 90' lang='lat' dir='ltr'>nuuc</span> <span class='ocrx_word' id='word_1_31' title='bbox 687 566 740 607; x_wconf 87' lang='lat' dir='ltr'>age,</span> <span class='ocrx_word' id='word_1_32' title='bbox 751 551 828 606; x_wconf 81' lang='lat' dir='ltr'>divae,</span> <span class='ocrx_word' id='word_1_33' title='bbox 863 557 866 562; x_wconf 78' lang='grc'><em>’</em></span> 
     </span>
     <span class='ocr_line' id='line_1_7' title="bbox 178 619 691 676; baseline -0.002 -9"><span class='ocrx_word' id='word_1_34' title='bbox 178 621 305 676; x_wconf 88' lang='lat' dir='ltr'>praecipue</span> <span class='ocrx_word' id='word_1_35' title='bbox 315 621 399 666; x_wconf 86' lang='lat' dir='ltr'>nostro</span> <span class='ocrx_word' id='word_1_36' title='bbox 409 635 473 666; x_wconf 88' lang='lat' dir='ltr'>nunc</span> <span class='ocrx_word' id='word_1_37' title='bbox 483 620 605 674; x_wconf 86' lang='lat' dir='ltr'>adspirate</span> <span class='ocrx_word' id='word_1_38' title='bbox 615 619 691 666; x_wconf 89' lang='lat' dir='ltr'>labori</span> 
     </span>
     <span class='ocr_line' id='line_1_8' title="bbox 131 687 829 744; baseline -0.004 -7"><span class='ocrx_word' id='word_1_39' title='bbox 131 712 167 737; x_wconf 80' lang='grc' dir='ltr'>ιω</span> <span class='ocrx_word' id='word_1_40' title='bbox 178 689 251 744; x_wconf 90' lang='lat' dir='ltr'>atque</span> <span class='ocrx_word' id='word_1_41' title='bbox 260 703 349 734; x_wconf 83' lang='lat' dir='ltr'>novum</span> <span class='ocrx_word' id='word_1_42' title='bbox 360 689 458 734; x_wconf 88' lang='lat' dir='ltr'>aeterno</span> <span class='ocrx_word' id='word_1_43' title='bbox 469 688 601 742; x_wconf 83' lang='lat' dir='ltr'>praetexite</span> <span class='ocrx_word' id='word_1_44' title='bbox 611 687 700 735; x_wconf 91' lang='lat' dir='ltr'>honore</span> <span class='ocrx_word' id='word_1_45' title='bbox 710 688 829 735; x_wconf 88' lang='lat' dir='ltr'>volumen.</span> 
     </span>
     <span class='ocr_line' id='line_1_9' title="bbox 206 754 707 804; baseline 0.002 -1"><span class='ocrx_word' id='word_1_46' title='bbox 206 756 270 803; x_wconf 83' lang='lat' dir='ltr'>Sunt</span> <span class='ocrx_word' id='word_1_47' title='bbox 280 754 419 802; x_wconf 82' lang='lat' dir='ltr'>Pandioniis</span> <span class='ocrx_word' id='word_1_48' title='bbox 430 755 522 802; x_wconf 83' lang='lat' dir='ltr'>vicinae</span> <span class='ocrx_word' id='word_1_49' title='bbox 532 755 626 802; x_wconf 89' lang='lat' dir='ltr'>sedibus</span> <span class='ocrx_word' id='word_1_50' title='bbox 636 757 707 804; x_wconf 90' lang='lat' dir='ltr'>urbes</span> 
     </span>
     <span class='ocr_line' id='line_1_10' title="bbox 177 823 680 872; baseline 0.004 -2"><span class='ocrx_word' id='word_1_51' title='bbox 177 825 281 871; x_wconf 89' lang='lat' dir='ltr'>Actaeos</span> <span class='ocrx_word' id='word_1_52' title='bbox 291 823 356 870; x_wconf 85' lang='lat' dir='ltr'>inter</span> <span class='ocrx_word' id='word_1_53' title='bbox 366 823 436 870; x_wconf 89' lang='lat' dir='ltr'>colles</span> <span class='ocrx_word' id='word_1_54' title='bbox 446 826 472 871; x_wconf 92' lang='lat' dir='ltr'>et</span> <span class='ocrx_word' id='word_1_55' title='bbox 482 824 584 871; x_wconf 89' lang='lat' dir='ltr'>candida</span> <span class='ocrx_word' id='word_1_56' title='bbox 594 824 680 872; x_wconf 83' lang='lat' dir='ltr'>Thesei</span> 
     </span>
     <span class='ocr_line' id='line_1_11' title="bbox 177 891 675 950; baseline 0.004 -12"><span class='ocrx_word' id='word_1_57' title='bbox 177 891 305 948; x_wconf 85' lang='lat' dir='ltr'>purpureis</span> <span class='ocrx_word' id='word_1_58' title='bbox 315 892 364 938; x_wconf 89' lang='lat' dir='ltr'>late</span> <span class='ocrx_word' id='word_1_59' title='bbox 373 891 478 939; x_wconf 87' lang='lat' dir='ltr'>ridentia</span> <span class='ocrx_word' id='word_1_60' title='bbox 487 892 560 939; x_wconf 91' lang='lat' dir='ltr'>litora</span> <span class='ocrx_word' id='word_1_61' title='bbox 570 893 675 950; x_wconf 86' lang='lat' dir='ltr'>conchis,</span> 
     </span>
     <span class='ocr_line' id='line_1_12' title="bbox 176 960 689 1018; baseline 0.004 -12"><span class='ocrx_word' id='word_1_62' title='bbox 176 976 279 1016; x_wconf 89' lang='lat' dir='ltr'>quarum</span> <span class='ocrx_word' id='word_1_63' title='bbox 289 976 337 1007; x_wconf 88' lang='lat' dir='ltr'>non</span> <span class='ocrx_word' id='word_1_64' title='bbox 346 960 390 1006; x_wconf 91' lang='lat' dir='ltr'>ulli</span> <span class='ocrx_word' id='word_1_65' title='bbox 400 960 467 1007; x_wconf 80' lang='lat' dir='ltr'>fama</span> <span class='ocrx_word' id='word_1_66' title='bbox 476 962 605 1008; x_wconf 86' lang='lat' dir='ltr'>concedere</span> <span class='ocrx_word' id='word_1_67' title='bbox 615 962 689 1018; x_wconf 85' lang='lat' dir='ltr'>digna</span> 
     </span>
     <span class='ocr_line' id='line_1_13' title="bbox 176 1029 805 1087; baseline 0.003 -12"><span class='ocrx_word' id='word_1_68' title='bbox 176 1031 227 1075; x_wconf 85' lang='lat' dir='ltr'>stat</span> <span class='ocrx_word' id='word_1_69' title='bbox 237 1029 347 1085; x_wconf 88' lang='lat' dir='ltr'>Megara,</span> <span class='ocrx_word' id='word_1_70' title='bbox 357 1029 471 1076; x_wconf 76' lang='lat' dir='ltr'>Alcathoi</span> <span class='ocrx_word' id='word_1_71' title='bbox 481 1031 601 1084; x_wconf 88' lang='lat' dir='ltr'>quondam</span> <span class='ocrx_word' id='word_1_72' title='bbox 611 1030 706 1076; x_wconf 89' lang='lat' dir='ltr'>munita</span> <span class='ocrx_word' id='word_1_73' title='bbox 716 1030 805 1087; x_wconf 90' lang='lat' dir='ltr'>laboro,</span> 
     </span>
     <span class='ocr_line' id='line_1_14' title="bbox 175 1096 785 1153; baseline 0.002 -10"><span class='ocrx_word' id='word_1_74' title='bbox 175 1097 290 1144; x_wconf 87' lang='lat' dir='ltr'>Alcathoi</span> <span class='ocrx_word' id='word_1_75' title='bbox 299 1096 449 1152; x_wconf 84' lang='lat' dir='ltr'>Phoebique:</span> <span class='ocrx_word' id='word_1_76' title='bbox 466 1098 523 1144; x_wconf 89' lang='lat' dir='ltr'>deus</span> <span class='ocrx_word' id='word_1_77' title='bbox 534 1113 636 1152; x_wconf 88' lang='lat' dir='ltr'>namque</span> <span class='ocrx_word' id='word_1_78' title='bbox 647 1098 726 1144; x_wconf 84' lang='lat' dir='ltr'>adfuit</span> <span class='ocrx_word' id='word_1_79' title='bbox 736 1099 785 1153; x_wconf 86' lang='lat' dir='ltr'>illi;</span> 
     </span>
     <span class='ocr_line' id='line_1_15' title="bbox 176 1164 735 1213; baseline 0.004 -2"><span class='ocrx_word' id='word_1_80' title='bbox 176 1165 240 1212; x_wconf 89' lang='lat' dir='ltr'>unde</span> <span class='ocrx_word' id='word_1_81' title='bbox 250 1165 323 1212; x_wconf 89' lang='lat' dir='ltr'>etiam</span> <span class='ocrx_word' id='word_1_82' title='bbox 334 1164 441 1212; x_wconf 86' lang='lat' dir='ltr'>citharae</span> <span class='ocrx_word' id='word_1_83' title='bbox 451 1180 521 1211; x_wconf 83' lang='lat' dir='ltr'>voces</span> <span class='ocrx_word' id='word_1_84' title='bbox 531 1165 640 1211; x_wconf 87' lang='lat' dir='ltr'>imitatus</span> <span class='ocrx_word' id='word_1_85' title='bbox 651 1168 735 1213; x_wconf 88' lang='lat' dir='ltr'>acutas</span> 
     </span>
     <span class='ocr_line' id='line_1_16' title="bbox 176 1232 793 1290; baseline 0.002 -10"><span class='ocrx_word' id='word_1_86' title='bbox 176 1248 247 1288; x_wconf 87' lang='lat' dir='ltr'>saepe</span> <span class='ocrx_word' id='word_1_87' title='bbox 256 1233 318 1288; x_wconf 88' lang='lat' dir='ltr'>lapis</span> <span class='ocrx_word' id='word_1_88' title='bbox 328 1235 438 1287; x_wconf 88' lang='lat' dir='ltr'>recrepat</span> <span class='ocrx_word' id='word_1_89' title='bbox 448 1232 558 1288; x_wconf 80' lang='lat' dir='ltr'>cyllenia</span> <span class='ocrx_word' id='word_1_90' title='bbox 567 1248 692 1279; x_wconf 88' lang='lat' dir='ltr'>murmura</span> <span class='ocrx_word' id='word_1_91' title='bbox 701 1235 793 1290; x_wconf 87' lang='lat' dir='ltr'>pulsus,</span> 
     </span>
     <span class='ocr_line' id='line_1_17' title="bbox 176 1300 751 1350; baseline 0.005 -3"><span class='ocrx_word' id='word_1_92' title='bbox 176 1302 202 1347; x_wconf 90' lang='lat' dir='ltr'>et</span> <span class='ocrx_word' id='word_1_93' title='bbox 211 1302 318 1347; x_wconf 83' lang='lat' dir='ltr'>veterem</span> <span class='ocrx_word' id='word_1_94' title='bbox 328 1300 409 1346; x_wconf 87' lang='lat' dir='ltr'>sonitu</span> <span class='ocrx_word' id='word_1_95' title='bbox 419 1300 510 1346; x_wconf 89' lang='lat' dir='ltr'>Phoebi</span> <span class='ocrx_word' id='word_1_96' title='bbox 519 1302 627 1348; x_wconf 85' lang='lat' dir='ltr'>testatur</span> <span class='ocrx_word' id='word_1_97' title='bbox 637 1317 751 1350; x_wconf 90' lang='lat' dir='ltr'>amorem.</span> 
     </span>
     <span class='ocr_line' id='line_1_18' title="bbox 130 1368 831 1429; baseline 0.007 -15"><span class='ocrx_word' id='word_1_98' title='bbox 130 1389 166 1418; x_wconf 75' lang='grc' dir='ltr'>πο</span> <span class='ocrx_word' id='word_1_99' title='bbox 176 1369 240 1416; x_wconf 86' lang='lat' dir='ltr'>hanc</span> <span class='ocrx_word' id='word_1_100' title='bbox 249 1368 342 1423; x_wconf 88' lang='lat' dir='ltr'>urbem,</span> <span class='ocrx_word' id='word_1_101' title='bbox 354 1371 411 1414; x_wconf 82' lang='lat' dir='ltr'>ante</span> <span class='ocrx_word' id='word_1_102' title='bbox 421 1369 479 1414; x_wconf 85' lang='lat' dir='ltr'>alios</span> <span class='ocrx_word' id='word_1_103' title='bbox 489 1369 593 1424; x_wconf 87' lang='lat' dir='ltr'>quitum</span> <span class='ocrx_word' id='word_1_104' title='bbox 603 1370 704 1417; x_wconf 87' lang='lat' dir='ltr'>florebat</span> <span class='ocrx_word' id='word_1_105' title='bbox 713 1371 739 1417; x_wconf 92' lang='lat' dir='ltr'>in</span> <span class='ocrx_word' id='word_1_106' title='bbox 749 1373 831 1429; x_wconf 87' lang='lat' dir='ltr'>armis,</span> 
     </span>
     <span class='ocr_line' id='line_1_19' title="bbox 175 1436 727 1496; baseline 0 -11"><span class='ocrx_word' id='word_1_107' title='bbox 175 1438 268 1485; x_wconf 82' lang='lat' dir='ltr'>fecerat</span> <span class='ocrx_word' id='word_1_108' title='bbox 277 1436 391 1483; x_wconf 83' lang='lat' dir='ltr'>infestam</span> <span class='ocrx_word' id='word_1_109' title='bbox 402 1437 530 1491; x_wconf 78' lang='lat' dir='ltr'>populator</span> <span class='ocrx_word' id='word_1_110' title='bbox 539 1439 628 1494; x_wconf 87' lang='lat' dir='ltr'>remige</span> <span class='ocrx_word' id='word_1_111' title='bbox 638 1439 727 1496; x_wconf 88' lang='lat' dir='ltr'>Minos,</span> 
     </span>
     <span class='ocr_line' id='line_1_20' title="bbox 175 1505 649 1562; baseline 0.004 -10"><span class='ocrx_word' id='word_1_112' title='bbox 175 1505 280 1561; x_wconf 89' lang='lat' dir='ltr'>hospitio</span> <span class='ocrx_word' id='word_1_113' title='bbox 290 1505 353 1559; x_wconf 89' lang='lat' dir='ltr'>quod</span> <span class='ocrx_word' id='word_1_114' title='bbox 362 1520 387 1551; x_wconf 91' lang='lat' dir='ltr'>se</span> <span class='ocrx_word' id='word_1_115' title='bbox 397 1505 452 1552; x_wconf 89' lang='lat' dir='ltr'>Nisi</span> <span class='ocrx_word' id='word_1_116' title='bbox 462 1506 574 1562; x_wconf 83' lang='lat' dir='ltr'>Polyidos</span> <span class='ocrx_word' id='word_1_117' title='bbox 584 1507 649 1554; x_wconf 82' lang='lat' dir='ltr'>avito</span> 
     </span>
     <span class='ocr_line' id='line_1_21' title="bbox 176 1572 715 1629; baseline 0 -7"><span class='ocrx_word' id='word_1_118' title='bbox 176 1572 337 1629; x_wconf 73' lang='lat' dir='ltr'>Carpathium</span> <span class='ocrx_word' id='word_1_119' title='bbox 346 1572 442 1628; x_wconf 76' lang='lat' dir='ltr'>fugiens</span> <span class='ocrx_word' id='word_1_120' title='bbox 452 1574 477 1620; x_wconf 89' lang='lat' dir='ltr'>et</span> <span class='ocrx_word' id='word_1_121' title='bbox 487 1573 587 1621; x_wconf 88' lang='lat' dir='ltr'>flumina</span> <span class='ocrx_word' id='word_1_122' title='bbox 597 1575 715 1622; x_wconf 74' lang='lat' dir='ltr'>Caeratea</span> 
     </span>
     <span class='ocr_line' id='line_1_22' title="bbox 175 1641 787 1710; baseline 0.003 -21"><span class='ocrx_word' id='word_1_123' title='bbox 175 1643 278 1689; x_wconf 88' lang='lat' dir='ltr'>texerat.</span> <span class='ocrx_word' id='word_1_124' title='bbox 308 1641 373 1688; x_wconf 87' lang='lat' dir='ltr'>hunc</span> <span class='ocrx_word' id='word_1_125' title='bbox 383 1641 445 1710; x_wconf 74' lang='lat' dir='ltr'>bello</span> <span class='ocrx_word' id='word_1_126' title='bbox 454 1643 565 1697; x_wconf 84' lang='lat' dir='ltr'>repetens</span> <span class='ocrx_word' id='word_1_127' title='bbox 575 1643 707 1698; x_wconf 78' lang='lat' dir='ltr'>Gortynius</span> <span class='ocrx_word' id='word_1_128' title='bbox 717 1644 787 1691; x_wconf 85' lang='lat' dir='ltr'>heros</span> 
     </span>
     <span class='ocr_line' id='line_1_23' title="bbox 175 1709 683 1768; baseline 0.004 -12"><span class='ocrx_word' id='word_1_129' title='bbox 175 1711 261 1757; x_wconf 83' lang='lat' dir='ltr'>Attica</span> <span class='ocrx_word' id='word_1_130' title='bbox 270 1709 374 1757; x_wconf 81' lang='lat' dir='ltr'>Cretaea</span> <span class='ocrx_word' id='word_1_131' title='bbox 384 1710 508 1757; x_wconf 82' lang='lat' dir='ltr'>sternebat</span> <span class='ocrx_word' id='word_1_132' title='bbox 517 1727 576 1757; x_wconf 87' lang='lat' dir='ltr'>rura</span> <span class='ocrx_word' id='word_1_133' title='bbox 586 1712 683 1768; x_wconf 82' lang='lat' dir='ltr'>sagitta.</span> 
     </span>
     <span class='ocr_line' id='line_1_24' title="bbox 176 1779 867 1837; baseline 0.004 -11"><span class='ocrx_word' id='word_1_134' title='bbox 176 1780 217 1826; x_wconf 86' lang='lat' dir='ltr'>sed</span> <span class='ocrx_word' id='word_1_135' title='bbox 227 1793 303 1834; x_wconf 88' lang='lat' dir='ltr'>neque</span> <span class='ocrx_word' id='word_1_136' title='bbox 313 1780 373 1826; x_wconf 88' lang='lat' dir='ltr'>tnnc</span> <span class='ocrx_word' id='word_1_137' title='bbox 382 1779 446 1826; x_wconf 86' lang='lat' dir='ltr'>cives</span> <span class='ocrx_word' id='word_1_138' title='bbox 456 1794 533 1835; x_wconf 91' lang='lat' dir='ltr'>neque</span> <span class='ocrx_word' id='word_1_139' title='bbox 542 1781 601 1827; x_wconf 90' lang='lat' dir='ltr'>tunc</span> <span class='ocrx_word' id='word_1_140' title='bbox 611 1796 654 1827; x_wconf 84' lang='lat' dir='ltr'>rex</span> <span class='ocrx_word' id='word_1_141' title='bbox 663 1781 714 1836; x_wconf 91' lang='lat' dir='ltr'>ipse</span> <span class='ocrx_word' id='word_1_142' title='bbox 724 1783 824 1828; x_wconf 83' lang='lat' dir='ltr'>veretur</span> <span class='ocrx_word' id='word_1_143' title='bbox 863 1829 867 1837; x_wconf 80' lang='grc'><strong>,</strong></span> 
     </span>
     <span class='ocr_line' id='line_1_25' title="bbox 175 1847 749 1906; baseline 0.005 -13"><span class='ocrx_word' id='word_1_144' title='bbox 175 1847 265 1894; x_wconf 85' lang='lat' dir='ltr'>infesto</span> <span class='ocrx_word' id='word_1_145' title='bbox 274 1847 306 1894; x_wconf 90' lang='lat' dir='ltr'>ad</span> <span class='ocrx_word' id='word_1_146' title='bbox 318 1863 400 1894; x_wconf 91' lang='lat' dir='ltr'>muros</span> <span class='ocrx_word' id='word_1_147' title='bbox 409 1848 539 1895; x_wconf 82' lang='lat' dir='ltr'>volitantes</span> <span class='ocrx_word' id='word_1_148' title='bbox 549 1849 645 1906; x_wconf 85' lang='lat' dir='ltr'>agmine</span> <span class='ocrx_word' id='word_1_149' title='bbox 654 1851 749 1896; x_wconf 84' lang='lat' dir='ltr'>turmas</span> 
     </span>
     <span class='ocr_line' id='line_1_26' title="bbox 175 1916 764 1975; baseline 0.005 -13"><span class='ocrx_word' id='word_1_150' title='bbox 175 1916 238 1963; x_wconf 90' lang='lat' dir='ltr'>icere</span> <span class='ocrx_word' id='word_1_151' title='bbox 248 1918 273 1962; x_wconf 91' lang='lat' dir='ltr'>et</span> <span class='ocrx_word' id='word_1_152' title='bbox 283 1916 412 1963; x_wconf 89' lang='lat' dir='ltr'>indomitas</span> <span class='ocrx_word' id='word_1_153' title='bbox 422 1918 513 1964; x_wconf 85' lang='lat' dir='ltr'>virtuto</span> <span class='ocrx_word' id='word_1_154' title='bbox 523 1919 652 1965; x_wconf 90' lang='lat' dir='ltr'>retundere</span> <span class='ocrx_word' id='word_1_155' title='bbox 662 1921 764 1975; x_wconf 82' lang='lat' dir='ltr'>mentes,</span> 
     </span>
     <span class='ocr_line' id='line_1_27' title="bbox 176 1985 819 2040; baseline 0.003 -10"><span class='ocrx_word' id='word_1_156' title='bbox 176 1999 317 2039; x_wconf 88' lang='lat' dir='ltr'>responsum</span> <span class='ocrx_word' id='word_1_157' title='bbox 328 1985 440 2040; x_wconf 86' lang='lat' dir='ltr'>quoniam</span> <span class='ocrx_word' id='word_1_158' title='bbox 450 1986 510 2032; x_wconf 88' lang='lat' dir='ltr'>satis</span> <span class='ocrx_word' id='word_1_159' title='bbox 520 1988 558 2032; x_wconf 83' lang='lat' dir='ltr'>est</span> <span class='ocrx_word' id='word_1_160' title='bbox 567 1986 702 2032; x_wconf 89' lang='lat' dir='ltr'>meminisse</span> <span class='ocrx_word' id='word_1_161' title='bbox 712 1987 819 2032; x_wconf 88' lang='lat' dir='ltr'>deornm.</span> 
     </span>
     <span class='ocr_line' id='line_1_28' title="bbox 130 2052 738 2110; baseline 0.007 -16"><span class='ocrx_word' id='word_1_162' title='bbox 130 2067 166 2094; x_wconf 81' lang='lat'>120</span> <span class='ocrx_word' id='word_1_163' title='bbox 177 2067 233 2099; x_wconf 89' lang='lat' dir='ltr'>nam</span> <span class='ocrx_word' id='word_1_164' title='bbox 243 2052 321 2107; x_wconf 90' lang='lat' dir='ltr'>capite</span> <span class='ocrx_word' id='word_1_165' title='bbox 331 2068 347 2098; x_wconf 87' lang='lat' dir='ltr'>a</span> <span class='ocrx_word' id='word_1_166' title='bbox 356 2068 450 2099; x_wconf 88' lang='lat' dir='ltr'>summo</span> <span class='ocrx_word' id='word_1_167' title='bbox 459 2053 522 2108; x_wconf 90' lang='lat' dir='ltr'>regis</span> <span class='ocrx_word' id='word_1_168' title='bbox 533 2053 650 2106; x_wconf 79' lang='lat' dir='ltr'>(mirabile</span> <span class='ocrx_word' id='word_1_169' title='bbox 661 2053 738 2110; x_wconf 88' lang='lat' dir='ltr'>dictu)</span> 
     </span>
     <span class='ocr_line' id='line_1_29' title="bbox 176 2120 726 2176; baseline -0.002 -9"><span class='ocrx_word' id='word_1_170' title='bbox 176 2120 278 2168; x_wconf 87' lang='lat' dir='ltr'>candida</span> <span class='ocrx_word' id='word_1_171' title='bbox 288 2120 392 2166; x_wconf 87' lang='lat' dir='ltr'>caesarie</span> <span class='ocrx_word' id='word_1_172' title='bbox 402 2120 520 2166; x_wconf 87' lang='lat' dir='ltr'>florebant</span> <span class='ocrx_word' id='word_1_173' title='bbox 530 2122 640 2175; x_wconf 84' lang='lat' dir='ltr'>tempora</span> <span class='ocrx_word' id='word_1_174' title='bbox 649 2120 726 2176; x_wconf 85' lang='lat' dir='ltr'>lauro,</span> 
     </span>
     <span class='ocr_line' id='line_1_30' title="bbox 175 2187 701 2243; baseline 0 -8"><span class='ocrx_word' id='word_1_175' title='bbox 175 2191 200 2235; x_wconf 92' lang='lat' dir='ltr'>et</span> <span class='ocrx_word' id='word_1_176' title='bbox 209 2203 291 2234; x_wconf 86' lang='lat' dir='ltr'>roseus</span> <span class='ocrx_word' id='word_1_177' title='bbox 301 2188 379 2234; x_wconf 90' lang='lat' dir='ltr'>medio</span> <span class='ocrx_word' id='word_1_178' title='bbox 389 2187 503 2243; x_wconf 77' lang='lat' dir='ltr'>surgebat</span> <span class='ocrx_word' id='word_1_179' title='bbox 513 2189 603 2235; x_wconf 82' lang='lat' dir='ltr'>vertice</span> <span class='ocrx_word' id='word_1_180' title='bbox 613 2188 685 2235; x_wconf 84' lang='lat' dir='ltr'>crinis</span> <span class='ocrx_word' id='word_1_181' title='bbox 696 2208 701 2235; x_wconf 72' lang='grc' dir='ltr'><strong>ε</strong></span> 
     </span>
     <span class='ocr_line' id='line_1_31' title="bbox 176 2256 687 2311; baseline -0.002 -8"><span class='ocrx_word' id='word_1_182' title='bbox 176 2257 243 2304; x_wconf 89' lang='lat' dir='ltr'>cuius</span> <span class='ocrx_word' id='word_1_183' title='bbox 254 2272 326 2311; x_wconf 85' lang='lat' dir='ltr'>quam</span> <span class='ocrx_word' id='word_1_184' title='bbox 336 2256 433 2301; x_wconf 85' lang='lat' dir='ltr'>servata</span> <span class='ocrx_word' id='word_1_185' title='bbox 443 2256 484 2301; x_wconf 91' lang='lat' dir='ltr'>diu</span> <span class='ocrx_word' id='word_1_186' title='bbox 493 2257 583 2303; x_wconf 86' lang='lat' dir='ltr'>natura</span> <span class='ocrx_word' id='word_1_187' title='bbox 592 2257 687 2311; x_wconf 79' lang='lat' dir='ltr'>fuisset,</span> 
     </span>
     <span class='ocr_line' id='line_1_32' title="bbox 175 2323 840 2381; baseline 0 -10"><span class='ocrx_word' id='word_1_188' title='bbox 175 2327 227 2372; x_wconf 86' lang='lat' dir='ltr'>tam</span> <span class='ocrx_word' id='word_1_189' title='bbox 237 2326 341 2379; x_wconf 87' lang='lat' dir='ltr'>patriam</span> <span class='ocrx_word' id='word_1_190' title='bbox 351 2323 494 2370; x_wconf 90' lang='lat' dir='ltr'>incolumem</span> <span class='ocrx_word' id='word_1_191' title='bbox 505 2325 559 2371; x_wconf 87' lang='lat' dir='ltr'>Nisi</span> <span class='ocrx_word' id='word_1_192' title='bbox 569 2340 717 2381; x_wconf 78' lang='lat' dir='ltr'>regnumque</span> <span class='ocrx_word' id='word_1_193' title='bbox 728 2325 840 2372; x_wconf 86' lang='lat' dir='ltr'>futurum</span> 
     </span>
     <span class='ocr_line' id='line_1_33' title="bbox 176 2392 750 2442; baseline 0.002 -1"><span class='ocrx_word' id='word_1_194' title='bbox 176 2393 304 2441; x_wconf 80' lang='lat' dir='ltr'>concordes</span> <span class='ocrx_word' id='word_1_195' title='bbox 314 2393 395 2439; x_wconf 86' lang='lat' dir='ltr'>stabili</span> <span class='ocrx_word' id='word_1_196' title='bbox 404 2392 534 2439; x_wconf 83' lang='lat' dir='ltr'>firmarunt</span> <span class='ocrx_word' id='word_1_197' title='bbox 543 2394 641 2440; x_wconf 88' lang='lat' dir='ltr'>numine</span> <span class='ocrx_word' id='word_1_198' title='bbox 652 2395 750 2442; x_wconf 86' lang='lat' dir='ltr'>Parcae.</span> 
     </span>
     <span class='ocr_line' id='line_1_34' title="bbox 176 2461 688 2518; baseline 0 -9"><span class='ocrx_word' id='word_1_199' title='bbox 176 2477 233 2517; x_wconf 88' lang='lat' dir='ltr'>ergo</span> <span class='ocrx_word' id='word_1_200' title='bbox 243 2461 320 2508; x_wconf 87' lang='lat' dir='ltr'>omnis</span> <span class='ocrx_word' id='word_1_201' title='bbox 330 2476 385 2508; x_wconf 85' lang='lat' dir='ltr'>caro</span> <span class='ocrx_word' id='word_1_202' title='bbox 395 2461 515 2508; x_wconf 84' lang='lat' dir='ltr'>residebat</span> <span class='ocrx_word' id='word_1_203' title='bbox 524 2477 583 2509; x_wconf 89' lang='lat' dir='ltr'>cura</span> <span class='ocrx_word' id='word_1_204' title='bbox 593 2463 688 2518; x_wconf 91' lang='lat' dir='ltr'>capillo,</span> 
     </span>
    </p>
   </div>
   <div class='ocr_carea' id='block_1_3' title="bbox 225 2529 295 2580">
    <p class='ocr_par' dir='ltr' id='par_1_3' title="bbox 225 2529 295 2580">
     <span class='ocr_line' id='line_1_35' title="bbox 225 2529 295 2580; baseline 0.014 -1"><span class='ocrx_word' id='word_1_205' title='bbox 225 2529 295 2580; x_wconf 84' lang='lat'>(461)</span> 
     </span>
    </p>
   </div>
   <div class='ocr_carea' id='block_1_4' title="bbox 0 0 990 3164">
    <p class='ocr_par' dir='ltr' id='par_1_4' title="bbox 0 0 990 3164">
     <span class='ocr_line' id='line_1_36' title="bbox 0 0 990 3164; baseline 0 1"><span class='ocrx_word' id='word_1_206' title='bbox 0 0 990 3164; x_wconf 95' lang='lat' dir='ltr'> </span> 
     </span>
    </p>
   </div>
  </div>
 </body>
</html>
