1972 3164
20 48 976 132 *—

438 337 460 375 P.
473 335 593 376 VERGILI
606 333 734 374 Mssoms

248 434 316 482 Haeo
325 449 419 491 quoque
428 449 477 482 non
487 449 546 482 curu
555 433 623 481 nobis
632 432 721 480 leviore
730 431 844 488 tuendae,

249 518 294 550 neo
303 503 382 550 minor
391 519 449 551 usus
459 503 514 561 erii,
525 503 635 559 quumvis
645 501 741 549 Milesio
750 516 839 560 mugno

248 571 338 618 vellere.
347 573 474 619 mutentur
484 571 569 628 Tyrios
579 571 674 619 incocta
683 569 782 617 rubores
791 590 796 616 :

251 640 348 687 densior
357 640 412 688 hinc
422 640 525 697 suboles,
535 640 592 687 hino
602 639 666 695 lorgi
675 638 744 694 copis
753 638 823 685 lectis
832 657 839 694 ;

248 724 321 765 quem
331 709 408 767 magis
417 709 535 756 exhaurio
545 708 696 765 spumaverit
705 706 778 754 ubere
788 706 903 761 mucra,

200 797 236 832 310
248 778 315 826 laete
323 778 400 834 magis
410 778 498 833 pressis
508 777 643 824 meuebuui
653 776 753 822 flumina
762 775 882 822 mammis.

249 847 301 894 Neo
311 846 390 893 minus
400 846 493 894 interes
502 846 589 894 barbas
599 846 733 900 incanaque
744 846 828 891 mente

249 915 361 971 Cinyphii
370 915 474 962 tondent
483 914 546 962 hirci
555 916 680 969 sociosque
690 913 813 960 comentes

249 998 320 1030 usum
329 983 355 1030 in
364 985 500 1031 eusirorum
509 983 534 1030 ei
544 982 637 1029 miseris
647 981 768 1029 volumine
777 981 868 1027 neniis.

250 1052 387 1100 Pascuntur
396 1067 453 1099 vero
463 1052 535 1099 silves
545 1051 571 1099 ei
580 1066 675 1098 summe
685 1049 775 1106 Lycaei

249 1120 420 1175 horrentesque
429 1120 502 1166 rubos
511 1121 536 1167 ei
547 1121 656 1166 ementes
666 1119 744 1165 ardue
753 1118 838 1164 dumos
848 1136 855 1173 ;

249 1189 322 1243 umus
330 1188 396 1243 ipsse
406 1203 522 1234 memores
532 1188 635 1234 redeuni
645 1186 671 1233 in
680 1188 754 1242 isoio,
766 1200 869 1241 suosque

250 1257 350 1313 ducunt,
361 1257 385 1303 ei
395 1255 494 1312 grevido
503 1258 620 1312 superant
629 1256 671 1302 vix
679 1256 753 1303 ubere
763 1254 847 1302 limen.

250 1324 317 1380 Ergo
326 1322 392 1371 omni
401 1322 481 1370 studio
491 1324 592 1380 glaciem
600 1325 730 1379 veniesque
739 1323 840 1379 nivales,

250 1407 297 1449 qno
306 1392 385 1439 minor
394 1399 432 1439 est
440 1392 488 1439 illis
499 1407 571 1440 curse
579 1393 690 1439 morielis
699 1393 802 1449 egesies‚

203 1477 239 1514 320
250 1462 354 1517 uveries,
364 1460 501 1516 uerumque
511 1462 574 1509 ieres
583 1464 609 1509 et
618 1461 702 1519 virgeo.
711 1461 790 1506 lesbus

251 1529 348 1586 pabulo,
359 1545 402 1577 nec
415 1531 468 1576 tois
478 1530 575 1577 claudes
585 1529 684 1576 faenflia
693 1529 788 1575 brume.

251 1599 286 1645 st
294 1613 352 1645 vero
363 1599 478 1655 Zephyris
488 1614 542 1646 cum
552 1599 618 1646 lseie
627 1597 769 1645 vocantibus
779 1597 861 1642 sesies

249 1667 275 1713 in
285 1668 361 1714 salius
370 1670 499 1722 uirumque
508 1682 607 1724 gregem
617 1668 689 1722 sique
698 1666 724 1712 in
734 1680 825 1721 pascue
834 1664 926 1720 miiiei,

250 1736 356 1784 Luciferi
366 1737 443 1792 primo
453 1753 508 1784 eum
518 1737 594 1784 sidere
604 1736 694 1792 frigide
702 1750 762 1782 rure

250 1820 385 1861 carpemus,
393 1806 450 1852 dnm
460 1820 530 1852 mene
536 1820 634 1861 novum,
641 1805 699 1851 dum
708 1803 820 1860 gremius
827 1803 925 1858 esueui,

250 1874 275 1920 ei
285 1889 324 1920 ros
333 1873 359 1919 in
368 1876 453 1921 benere
463 1874 543 1929 pecori
552 1873 705 1930 gralissimus
715 1872 799 1919 herbe.

250 1942 311 1989 Inde
321 1942 363 1989 ubi
372 1945 460 1998 quus-ie
469 1942 534 1989 sitim
544 1942 604 1989 caeli
614 1941 738 1998 collegerit
747 1941 808 1988 horu

251 2013 276 2058 ei
286 2012 361 2057 cunin
370 2011 483 2066 querulae
493 2012 608 2066 rumpent
617 2010 718 2056 urbusbe
727 2009 832 2064 cicedee,

251 2079 283 2126 ed
292 2080 378 2135 puieos
387 2081 431 2126 uui
440 2079 493 2126 slis
500 2094 587 2136 greges
597 2079 627 2125 ud
638 2081 725 2134 singna
733 2077 820 2124 iubebo

202 2167 240 2203 330
252 2150 389 2196 curreuiem
398 2147 479 2205 ilignis
489 2148 574 2202 peiere
584 2147 706 2194 conalibus
716 2146 822 2201 uudom3

251 2216 357 2264 uestibus
367 2217 394 2262 si
403 2215 486 2262 mediis
495 2215 634 2262 umbrosam
644 2215 768 2271 exquirere
777 2214 874 2270 vellem,

252 2284 327 2333 sicubi
337 2299 426 2341 magno
435 2284 499 2330 Iovis
509 2284 608 2339 aniiquo
617 2283 702 2331 robore
712 2297 813 2338 quereus

250 2353 361 2410 ingentes
370 2353 455 2399 iendui
465 2367 554 2408 remos,
564 2354 607 2399 eui
617 2352 693 2399 sicubi
703 2352 800 2408 nigrum

250 2421 344 2468 ilicibus
354 2420 444 2467 crebris
454 2435 524 2466 sucre
533 2435 618 2467 nemus
628 2419 729 2466 econbei
739 2419 841 2475 umbru;

251 2491 304 2536 inm
314 2490 399 2536 beuues
409 2489 466 2535 dare
476 2503 560 2535 rursus
570 2503 653 2544 eques,
665 2490 691 2535 oi
701 2503 798 2544 poscere
807 2502 893 2534 rursus

252 2558 307 2605 solis
317 2558 348 2604 ud
357 2573 475 2614 oceasum,
486 2572 541 2604 oum
549 2556 651 2612 frigidus
661 2558 719 2603 aere
728 2571 814 2612 vesper

299 2695 307 2742 (
348 2695 357 2741 )
435 2644 470 2676 m
492 2640 577 2677 ‘misser
585 2641 639 2675 codd.
648 2640 741 2682 plerique.

317 2697 340 2742 84
513 2704 517 2714 ¹
