1972 3164
359 338 382 377 P.
394 335 516 377 vanem
527 335 657 377 morus

168 437 273 485 feminee
282 435 406 484 exsultant
415 435 507 483 lunatis
517 435 616 492 agmina
624 433 708 492 peltis.

170 506 247 564 Quom
253 505 303 553 telo
312 506 426 563 primum,
433 520 504 560 quem
514 507 769 563 postremum‚aspera
773 505 849 562 virgo,

171 574 269 623 deiicis?
285 576 329 621 aut
338 577 397 629 quot
406 573 475 620 humi
484 573 613 621 morientia
623 589 727 629 corpora
736 574 836 621 tundis?

172 645 285 692 liuneum
295 643 375 699 Clytio
384 643 489 698 primum
498 644 577 698 patre,
588 643 658 689 euius
666 645 783 698 apertum

172 713 268 760 adversi
276 711 349 769 longa
357 710 542 757 transverberat
551 709 631 757 abiete
641 712 729 766 peetus
739 732 745 758 ε

172 780 296 838 sanguinis
305 779 345 826 ille
355 794 453 826 vomens
466 779 531 826 rivos
541 779 615 835 eadit,
626 780 701 835 atque
712 781 838 826 cruentam

173 850 267 896 mandit
272 847 537 904 humummoriensque
543 862 586 894 suo
593 847 756 894 seinvnlnere
762 847 849 896 versat.

125 926 163 974 670
174 919 238 966 Tum
257 916 333 964 Lirim
352 916 520 974 Pagasumque
539 930 613 971 super
624 933 631 972 ς
661 931 767 972 quorum
791 917 851 964 ulter

229 986 337 1033 habenas
553 996 555 1001 ’

174 1056 277 1104 suffosso
286 1053 410 1101 revolutus
419 1067 480 1109 equo
489 1053 548 1100 dum
559 1052 660 1110 colligit,
672 1053 738 1101 ulter

175 1125 233 1171 dum
243 1122 308 1170 subit
318 1137 345 1169 ae
356 1123 467 1170 dextram
477 1120 570 1169 labenti
579 1121 660 1168 tendit
670 1122 797 1178 inermem,

174 1191 318 1248 praeeipItes
327 1190 465 1246 pariterque
472 1190 558 1237 ruunt.
578 1190 703 1237 Hisaddit
710 1191 850 1238 Amastrum

176 1259 340 1316 Hippotaden,
351 1259 506 1315 sequiturque
515 1258 658 1306 incumbens
668 1259 765 1306 eminus
774 1259 843 1305 hesta

176 1329 298 1383 Tereaque
313 1327 526 1384 Harpalycumque
541 1328 567 1374 ot
580 1327 770 1383 Demophoonta
781 1326 851 1374 eno

233 1411 346 1452 m1nque;

176 1465 281 1521 quotqne
290 1465 378 1511 emissa
387 1480 462 1511 manu
471 1463 588 1512 oontorsit
598 1462 693 1519 spicula
701 1463 781 1520 virgo,

176 1535 214 1581 tot
224 1533 325 1589 Phrygii
334 1533 440 1580 eeoidere
449 1532 504 1579 viri.
534 1531 621 1578 Ptoeul
632 1531 744 1594 Ornytus
754 1529 827 1578 armis

177 1601 267 1659 ignotis
277 1602 302 1647 et
312 1616 372 1656 equo
382 1602 483 1647 venator
495 1600 586 1656 Iapyge
596 1599 685 1656 fertur,

178 1670 218 1717 oui
227 1669 296 1725 pellis
305 1668 368 1715 latos
378 1684 473 1716 umeros
483 1670 567 1725 erepta
576 1668 677 1714 iuvenco

131 1743 169 1782 680
179 1737 310 1795 pugnatori
320 1737 405 1794 operit,
417 1738 490 1793 eaput
499 1737 584 1793 ingens
594 1737 642 1783 oris
652 1737 736 1783 hiatus

179 1810 205 1856 et
217 1807 294 1853 malae
304 1808 385 1853 texere
395 1806 447 1860 lupi
458 1821 512 1854 cum
522 1804 634 1852 dentibus
644 1805 714 1861 albis,

179 1876 327 1932 agrestisque
336 1889 423 1920 manus
433 1876 513 1920 armet
524 1889 609 1929 sparus
619 1892 625 1930 3
639 1873 690 1928 ipse
700 1872 806 1920 catervis

179 1943 285 1991 vertitur
293 1943 320 1988 in
329 1942 414 1987 mediis
425 1944 449 1988 et
459 1944 513 1989 toto
523 1941 612 1989 vertice
623 1957 696 1996 supra
706 1942 753 1988 est.

180 2013 253 2060 Hune
272 2010 315 2056 illa
334 2011 462 2064 exceptum
482 2011 566 2066 (neque
585 2010 649 2057 enim
673 2009 743 2056 labor
762 2008 855 2066 agmine

235 2077 314 2134 verso)

180 2149 271 2198 traiieit
281 2150 306 2194 et
316 2145 456 2202 superhaec
466 2146 563 2194 inimico
573 2147 669 2202 pectore
680 2145 750 2192 fatur
760 2167 766 2193 ε

182 2218 269 2267 ‘silvis
279 2219 312 2274 te,
324 2215 457 2272 Tyrrhena,
468 2215 534 2262 feras
544 2215 637 2271 agitare
648 2215 762 2268 putasti?

181 2287 288 2335 Advenit
298 2285 339 2342 qui
348 2287 430 2331 vestra
439 2284 489 2330 dies
499 2282 656 2329 muliebribus
666 2282 743 2328 armis

182 2353 421 2411 verberedarguerit.
437 2353 531 2398 Nomen
538 2353 621 2398 tamen
627 2350 753 2398 heudleve
759 2354 859 2406 patrum

183 2424 294 2471 manibus
303 2423 348 2469 hoo
358 2420 456 2476 referes,
467 2421 516 2467 telo
526 2418 639 2466 cecidisse
649 2419 786 2466 Camillae!

136 2502 173 2549 690
184 2492 300 2540 Protinus
310 2489 461 2538 Orsilochum
475 2491 500 2535 et
514 2489 605 2544 Buten,
617 2488 665 2534 duo
675 2488 784 2536 maxima
799 2489 860 2536 Teu-

240 2576 308 2607 orum

371 2651 406 2686 6⁴71.
427 2647 579 2684 ‘suffuwcoda
586 2647 680 2689 plerique.

232 2707 241 2755 (
249 2707 284 2754 39⁶
293 2705 300 2753 l
