1972 3164
424 159 535 202 Asnam.
560 162 595 201 111

171 256 197 302 et
206 254 283 302 iuncti
292 270 391 303 currum
401 256 511 304 dominae
521 258 614 306 subiere
623 259 711 308 leones.

171 322 239 381 Ergo
248 323 322 381 agite,
333 325 358 371 et
367 323 449 371 divum
460 325 553 372 ducunt
563 342 611 382 qua
620 327 686 375 iussa
694 342 830 389 sequamur,

170 391 294 446 placemus
303 395 388 440 ventos
399 395 424 440 et
435 393 525 442 Gnosia
534 409 610 451 regna
619 396 739 451 petamus.

169 459 224 507 Nec
233 459 304 517 longo
314 461 407 508 dietam
417 476 504 509 cursu:
519 463 590 510 modo
599 463 711 520 Iuppiter
719 465 793 524 adsit,

169 527 246 575 tertia
254 527 298 575 lux
306 529 406 578 classem
417 530 525 578 Cretaeis
535 531 606 578 sistet
615 532 641 578 in
650 532 725 580 orla.'’

170 594 211 642 Sic
221 595 288 643 fatus
298 598 396 646 meritos
406 598 455 646 aris
464 600 582 648 mactavit
591 600 702 659 honores,

169 665 270 712 taurum
280 665 404 725 Neptuno,
414 668 514 715 taurum
523 668 577 726 tibi,
588 669 688 724 pulcher
697 669 793 727 Apollo,

124 756 161 784 120
169 733 266 789 nigram
277 734 359 781 Hiemi
368 735 491 793 pecudem,
502 737 618 793 Zephyris
627 737 736 786 felicibus
746 739 835 787 albam.

199 801 205 823 ‘
215 801 293 850 Fama
302 803 368 850 volat
378 803 474 859 pulsum
484 804 564 862 regnis
574 805 672 853 cessisse
681 807 790 863 paternis

168 869 300 918 Idomenea
310 871 403 929 ducem,
413 872 554 928 desertaque
563 872 637 920 litora
645 874 741 932 Cretae,

168 937 239 994 hoste
248 953 335 987 vacare
345 940 427 988 domos
436 941 549 996 sedesque
558 943 639 989 astare
647 943 753 991 relictas.

169 1006 313 1062 Linquimus
322 1008 441 1066 Ortygiae
449 1010 535 1065 portus
545 1009 676 1066 pelagoque
685 1011 803 1069 volamus,

168 1075 358 1132 bacchatamque
368 1077 431 1135 iugis
441 1078 540 1124 Naxum
550 1078 698 1134 viridemque
710 1080 845 1136 Donusam,

168 1144 286 1192 Olearum
295 1145 436 1201 niveamque
446 1146 537 1192 Parum
546 1161 688 1203 sparsasque
698 1163 742 1203 per
752 1163 840 1204 aequor

168 1213 287 1270 Cycladas
296 1216 322 1262 et
332 1214 422 1262 crebris
431 1214 534 1270 legimus
544 1214 610 1262 freta
619 1216 713 1262 concita
722 1217 803 1264 terris.

168 1282 290 1330 Nauticus
299 1282 408 1330 exoritur
417 1282 484 1330 vario
494 1282 625 1329 certamine
635 1283 725 1330 clamor
734 1302 741 1340 ;

168 1351 302 1399 hortantur
312 1350 369 1398 socii
379 1351 478 1397 Cretam
487 1364 635 1406 proavosque
645 1353 765 1406 petamus.

123 1443 160 1481 130
169 1418 329 1476 Prosequitur
338 1434 440 1475 surgens
450 1434 466 1465 a
475 1417 552 1474 puppi
560 1420 647 1464 ventus
657 1420 752 1475 euntes,

168 1491 195 1537 et
204 1488 303 1535 tandem
314 1487 419 1543 antiquis
429 1487 547 1535 Curetum
556 1486 686 1532 allabimnr
694 1486 752 1534 oris.

168 1560 237 1615 Ergo
246 1556 331 1604 avidus
340 1570 423 1604 muros
432 1557 531 1611 optatae
540 1554 626 1601 molior
638 1555 705 1602 urbis

169 1627 374 1683 Pergameamque
384 1639 451 1682 voco,
461 1625 487 1671 et
496 1623 587 1671 laetam
600 1623 740 1680 cognomine
749 1627 846 1681 gentem

168 1696 255 1743 hortor
264 1708 346 1740 amare
356 1692 422 1741 focos
431 1707 557 1748 arcemque
567 1692 679 1740 attollere
688 1692 769 1740 tectis.

168 1765 269 1819 Iamque
278 1762 330 1809 iere
340 1762 402 1809 sicco
412 1761 543 1809 subductae
552 1761 623 1808 litore
632 1776 723 1817 puppes
733 1780 739 1818 ς

168 1830 277 1881 conubiis
286 1830 397 1886 arvisqne
406 1829 475 1876 novis
484 1831 585 1885 operata
593 1829 719 1887 iuventus;

168 1900 225 1950 iura
233 1900 363 1954 domosque
373 1897 469 1954 dabam,
476 1897 557 1945 subito
565 1913 620 1945 cum
629 1898 714 1945 tabida
722 1896 846 1949 membris,

171 1970 286 2024 corrupto
295 1966 356 2015 caeli
365 1968 456 2023 tractu,
467 1966 648 2021 miserandaque
658 1965 725 2013 venit

169 2036 341 2091 arboribusque
351 2034 456 2090 satisque
466 2034 518 2081 lues
528 2036 553 2082 et
562 2034 643 2081 letifer
652 2049 739 2081 annus.

122 2131 162 2169 ¹4⁰
170 2105 323 2160 Linquebant
333 2103 414 2150 dulces
424 2102 517 2149 animas
526 2104 570 2149 aut
580 2118 654 2158 aegra
663 2101 797 2148 trahebant

169 2187 280 2229 corpora,
291 2174 345 2218 tum
354 2171 448 2218 steriles
457 2185 558 2218 exurere
568 2170 644 2216 Sirius
654 2184 733 2226 agros,

168 2240 271 2289 arebant
281 2239 370 2286 herbae
379 2241 404 2285 et
414 2238 505 2285 victum
516 2253 583 2294 seges
593 2253 667 2293 aegra
676 2235 789 2292 negabat.

169 2311 265 2358 Rursus
288 2308 320 2354 ad
343 2307 451 2354 oraclum
473 2306 591 2363 Ortygiae
615 2304 784 2361 Phoebumque
809 2319 846 2352 re-

225 2392 309 2427 menso

170 2446 289 2564 hortat&
294 2447 364 2501 pater
374 2444 409 2492 ire
420 2442 482 2491 mari
492 2441 634 2498 veniamque
644 2439 744 2498 precari,

237 2529 246 2556 1
