1972 3164
425 172 536 213 AENEIS.
561 173 594 214 VI

169 269 197 316 et
207 281 290 316 crocco
298 268 352 315 fetu
361 269 450 317 teretes
461 270 611 318 circumdare
621 272 719 319 truncos
729 290 735 319 ε

169 335 230 383 talis
239 336 293 383 erat
302 336 391 392 species
401 337 455 384 auri
464 337 601 385 frondentis
611 353 687 394 opaca

170 403 235 462 ilice,
245 404 280 451 sic
289 403 338 451 leni
346 405 482 460 crepitabat
491 405 589 454 brattea
597 407 679 454 vento.

122 493 161 522 210
172 472 281 528 Corripit
289 472 385 520 Aeneas
395 474 515 530 extemplo
524 474 656 530 avidusque
666 473 780 531 refringit

171 542 336 598 cunctantem,
346 543 372 588 et
380 542 444 588 vatis
454 542 536 598 portat
546 541 592 589 sub
601 543 668 590 tecta
679 542 792 599 Sibyllae.

200 609 253 656 Nec
262 609 342 656 minus
351 610 445 657 interea
454 610 577 658 Misenum
586 610 612 657 in
621 610 693 658 litore
704 611 794 659 Teucri

170 677 271 734 flebant,
282 679 307 724 et
316 678 391 726 cineri
399 678 497 737 ingrato
507 694 621 736 suprema
630 679 751 727 ferebant.

172 745 295 802 Principio
304 746 418 803 pinguem
427 747 505 794 taedis
514 749 540 794 et
549 748 634 794 robore
644 749 709 795 secto

170 814 296 872 ingentem
307 817 417 862 struxere
426 831 521 872 pyram,
531 816 571 863 cui
580 817 706 864 frondibus
716 817 778 863 atris

171 883 286 930 intexunt
295 883 374 931 latere
383 885 408 931 et
418 883 506 931 ferales
516 886 573 932 ante
584 899 708 940 cupressos

172 951 334 1008 constituunt,
345 952 506 1007 decorantque
516 968 589 1008 super
598 952 748 1009 fulgentibus
758 951 840 999 armis.

173 1019 236 1066 Pars
245 1019 334 1067 calidos
343 1020 427 1067 latices
437 1022 462 1067 ct
472 1024 532 1068 aina
541 1021 660 1068 undantia
669 1021 772 1068 flammis

134 1128 137 1135 .
174 1088 314 1145 expediunt,
325 1103 458 1144 corpusque
467 1089 552 1136 lavant
561 1089 674 1146 frigentis
684 1092 709 1136 et
718 1090 824 1145 ungunt.

123 1171 167 1200 220
174 1155 217 1204 Fit
227 1156 339 1213 gemitus.
370 1157 433 1203 Tum
444 1158 552 1204 membra
561 1159 616 1204 toro
626 1157 714 1204 defleta
723 1153 863 1217 reponunt“'

173 1239 355 1282 purpureasque
365 1239 438 1280 super
446 1228 534 1282 vestes,
545 1225 666 1272 velamina
674 1226 741 1281 nota,
795 1244 800 1250 ·

174 1292 312 1340 coniiciunt.
342 1293 403 1340 Pars
413 1293 506 1350 ingenti
516 1293 610 1340 subiere
620 1293 710 1339 feretro

174 1360 255 1418 (triste
264 1360 434 1417 ministerium)
444 1363 470 1408 et
480 1361 613 1408 subiectam
622 1375 689 1407 more
698 1361 829 1416 parentum

173 1428 254 1476 aversi
262 1430 361 1476 tenuere
371 1430 458 1477 fecem.
489 1430 611 1485 Congesta
620 1430 760 1476 cremantur

173 1499 246 1544 turea
255 1497 325 1555 dona,
336 1498 418 1555 dapes,
428 1498 484 1545 fuso
493 1500 601 1545 emtores
611 1497 680 1544 olivo.

174 1565 307 1621 Postmm
318 1565 417 1621 collapsi
426 1567 517 1614 cineres
528 1569 553 1613 et
563 1566 662 1613 flamma
671 1565 770 1622 quievit,

174 1634 288 1689 reliquias
297 1634 353 1681 vino
362 1636 389 1682 et
397 1634 504 1682 bibulum
513 1635 594 1682 lavere
604 1634 722 1691 favillam,

175 1716 276 1758 ossaque
285 1702 349 1750 lecte
358 1703 418 1750 cado
427 1705 489 1750 texit
500 1704 638 1760 Corynaeus
648 1706 717 1751 aeno.

177 1771 245 1819 Idem
254 1772 294 1817 ter
303 1771 378 1818 socios
388 1787 451 1827 pure
460 1773 609 1820 circumtulit
618 1773 685 1820 undu

128 1859 167 1896 230
177 1854 294 1896 spargens
303 1854 357 1887 rore
366 1839 413 1888 levi
422 1842 448 1887 et
457 1856 525 1888 ramo
534 1841 610 1889 felicis
621 1842 705 1898 olivae,

177 1907 338 1964 lustravitque
346 1909 411 1956 viros
421 1909 528 1965 diximue
537 1911 667 1957 novissima
676 1908 758 1956 verba.

176 1976 213 2024 At
222 1976 276 2032 pins
285 1977 379 2024 Aeneas
388 1976 482 2034 ingenti
492 1978 553 2026 mole
563 1979 700 2034 sepulcrum

176 2044 288 2102 imponit,
299 2060 388 2100 suaque
398 2061 467 2092 arma
475 2045 528 2093 viro
537 2062 677 2102 remumque
687 2045 818 2099 tubamque

177 2114 260 2160 monte
269 2113 314 2160 sub
324 2113 397 2171 aerio,
408 2113 449 2170 qui
457 2130 522 2160 nunc
533 2115 642 2161 Misenus
652 2114 683 2161 ab
692 2113 734 2160 illo

177 2181 267 2228 dicitur
276 2183 448 2237 aeternumque
457 2183 525 2228 tenet
534 2197 578 2238 per
587 2182 682 2230 saecula
691 2196 786 2228 nomen.

207 2249 253 2296 His
261 2249 323 2296 actis
333 2265 433 2306 propere
444 2251 583 2305 exsequitur
596 2251 727 2305 praecepta
737 2246 850 2303 Sibyllae.

179 2317 300 2373 Spelunca
308 2317 360 2364 alta
368 2318 418 2365 fuit
427 2320 542 2374 sissimus
552 2317 665 2365 immanis
674 2318 752 2374 biatu,

178 2401 289 2443 scrupea,
299 2387 355 2433 tuta
364 2386 419 2433 lecu
428 2387 498 2442 nigro
507 2400 679 2441 nemorumque
688 2386 802 2444 tenebris,

177 2469 252 2511 quam
259 2469 334 2510 super
342 2454 408 2500 haud
417 2454 481 2501 ullae
491 2454 606 2508 poterant
616 2453 829 2509 impunevolentes

228 2523 281 2571 (245
290 2521 298 2572 )
