1972 3164
320 187 431 228 sams.
455 186 487 226 XI

15 292 54 341 630
63 282 100 330 bis
109 282 194 330 reiecti
202 283 276 330 srmis
285 285 425 340 respectant
434 286 507 341 terga
515 285 634 341 tegentes.

64 350 148 399 Tertia
157 351 199 398 sed
208 351 336 406 postquam
346 350 468 408 congressi
477 351 503 398 in
513 352 605 408 proclia
614 353 681 400 totas

63 419 202 475 implicuere
211 419 277 465 inter
286 434 311 466 se
321 419 392 476 scies,
402 419 510 478 legimus
519 423 599 467 virum
609 421 648 467 vir
658 441 664 468 ε

62 490 117 535 tum
127 501 184 535 vero
190 490 216 534 ct
222 486 327 544 gemitus
334 488 490 545 morientum,
497 490 523 535 et
533 488 681 545 sanguinein
690 489 741 537 alto

63 570 179 611 armaque
189 570 335 611 corporaque
343 558 369 604 et
378 556 492 612 permixti
501 557 574 604 ccede
583 557 690 604 virorum

63 623 216 672 semianimes
225 623 358 672 volvuntur
367 625 430 681 equi,
440 640 525 683 pugna
534 640 621 681 aspera
629 626 716 683 surgit.

63 693 203 741 Orsilochus
213 693 319 749 Remuli,
331 694 426 748 quando
435 693 516 749 ipsum
525 692 641 741 horrebat
649 695 725 752 adire,

63 761 160 809 hastam
170 761 268 808 intorsit
278 776 338 817 equo
346 761 487 817 ferrumque
497 761 542 809 sub
552 777 611 810 oure
621 763 727 819 reliquit.

64 830 118 886 Quo
128 828 222 886 sonipes
232 829 284 876 ictu
293 828 464 887 inritardnus,
472 829 569 886 alteque
579 830 655 879 iactat

63 898 170 945 vulneris
180 893 309 955 impatiens
319 899 415 945 arrecto
424 900 521 954 pectore
529 914 601 946 crura
611 919 616 946 :

16 975 54 1023 640
64 966 170 1014 volvitur
179 966 220 1014 ille
228 981 343 1014 excussus
353 966 429 1014 humi.
459 967 562 1016 Catillus
572 967 651 1014 Iollan

64 1035 234 1091 ingentemque
244 1033 339 1090 animis,
350 1035 473 1092 ingentem
484 1050 582 1090 corpore
591 1037 617 1082 st
627 1036 701 1082 armis

64 1103 145 1150 deiicit
155 1098 318 1159 Herminium,
329 1103 395 1150 nudo
405 1103 444 1150 cui
452 1103 544 1150 vertice
553 1102 622 1149 fulva

64 1171 180 1219 caesaries
190 1172 295 1226 nudique
304 1171 391 1227 umeri,
401 1185 446 1218 nec
456 1170 561 1217 vulnera.
569 1172 677 1217 terrent:

63 1241 149 1286 tantus
159 1239 185 1284 in
194 1254 263 1285 arma
272 1240 349 1293 patet.
374 1239 450 1285 Latos
459 1237 516 1284 huic
525 1237 598 1284 hasta
607 1252 651 1293 per
660 1253 740 1284 armos

64 1309 120 1354 octa
129 1307 213 1353 tremit
223 1306 377 1361 duplicatqm
387 1305 467 1352 virum
476 1305 597 1352 transfixa
606 1305 696 1352 dolore.

64 1375 188 1422 Funditur
198 1375 252 1420 ater
261 1372 349 1428 ubique
359 1388 443 1429 crnor;
458 1373 520 1420 dant
529 1373 619 1421 funera
626 1374 693 1421 ferro

64 1444 187 1490 certantes
193 1434 370 1497 'pulchramque
378 1442 465 1496 petunt
473 1455 517 1498 per
522 1441 738 1489 vulneramortsm.

92 1510 128 1557 At
138 1510 228 1558 medias
238 1509 304 1556 inter
314 1509 397 1557 csedes
407 1510 514 1556 exsultat
523 1510 641 1567 Amazon,

64 1595 141 1626 unum
151 1579 248 1626 exserta
257 1578 323 1624 latus
333 1592 438 1634 pugnas,
448 1578 591 1634 pharetrata
600 1578 711 1636 Camilla,

15 1659 53 1706 650
64 1650 90 1695 et
100 1663 165 1695 nunc
175 1648 243 1694 lenta
251 1661 326 1693 manu
335 1661 451 1702 spargens
458 1645 556 1694 hastilia
565 1647 658 1703 denset,

64 1732 130 1764 nunc
139 1715 245 1763 validam
254 1715 342 1762 dextra
350 1714 417 1771 rapit
425 1715 547 1763 indefessa
555 1714 683 1772 bipennem
693 1735 700 1772 ς

65 1800 154 1832 aureus
164 1799 194 1832 ex
203 1798 287 1831 umero
296 1785 367 1831 sonat
377 1799 448 1831 arcus
457 1785 483 1831 et
492 1799 561 1830 arma
570 1784 673 1832 Dianae.

65 1853 112 1901 Illa
122 1853 196 1900 etiam
203 1852 229 1898 in
238 1854 344 1910 tergum,
355 1851 376 1900 si
388 1852 483 1908 quando
492 1852 563 1909 pulsa
572 1853 680 1910 recessit,

65 1921 157 1978 spicula
164 1936 279 1969 converso
288 1920 408 1978 fugientia
417 1921 500 1977 dirigit
510 1937 577 1968 arcu.

65 1990 100 2037 At
110 1989 200 2037 circum
209 1989 285 2037 lectas
295 1989 402 2046 comites,
413 1989 549 2045 Larinaque
558 1988 628 2044 virgo

66 2058 183 2113 Tullaque
193 2060 219 2105 et
228 2059 337 2104 aeratam
347 2057 458 2113 quatiens
469 2057 574 2113 Tarpeia
584 2055 695 2111 securim,

66 2126 174 2182 Italides,
184 2141 243 2181 quas
252 2125 308 2181 ipsa
317 2125 389 2172 decus
399 2124 446 2171 sibi
454 2124 495 2171 dia
505 2123 608 2171 Camilla

66 2193 155 2250 delegit
164 2193 275 2249 pacisque
284 2192 361 2239 bonas
370 2192 473 2248 bellique
482 2191 620 2238 ministras:

67 2261 150 2317 quales
160 2261 286 2308 Threiciae
295 2275 351 2307 oum
361 2259 462 2306 flumina
471 2258 657 2306 Tbermodontis

15 2343 56 2382 σεο
67 2329 165 2386 pulsant
174 2330 199 2375 et
208 2329 280 2384 pictis
288 2327 412 2376 bellantur
420 2328 555 2375 Amazones
564 2326 646 2382 armis,

67 2413 110 2445 seu
119 2397 210 2444 circum
220 2395 379 2452 Hippolyten,
390 2410 433 2442 seu
443 2410 497 2442 cum
508 2410 534 2441 se
544 2394 637 2441 Martia
645 2409 718 2441 curru

66 2464 221 2512 Penthesilea
230 2465 317 2522 refert,
327 2478 461 2522 magnoque
470 2463 581 2511 ululante
591 2461 699 2509 tumultu

113 2532 185 2582 (395)
