1972 3164
398 184 509 228 mule.
534 187 567 227 VI

139 280 212 340 Quas
221 281 307 330 eontra
315 281 422 331 breviter
431 285 486 332 iata
496 286 534 333 est
543 286 693 343 Amphrysia
702 288 785 335 vates:

140 349 249 399 ‘Nullae
261 351 300 399 hio
309 351 409 400 insidiae
419 353 481 401 teies
492 353 591 410 (absiste
601 355 700 412 moveri)

114 448 131 476 0
139 434 188 468 use
197 419 247 466 vim
256 419 307 466 tela
316 419 400 467 ierunt
411 439 418 477 ;
431 420 489 468 lieet
498 421 584 478 ingens
594 422 684 470 innitor
693 426 766 470 antro

140 488 271 536 aeternum
280 487 374 534 latram
384 503 518 546 exsangues
527 491 620 536 terreat
629 490 737 549 umbras,

141 556 212 603 ousta
220 554 278 602 lieet
288 555 371 611 patrui
378 558 459 604 servet
468 557 614 613 Proserpina
623 558 706 606 limen.

141 623 232 671 Troius
240 623 345 682 Aeneas,
356 624 449 681 pietate
458 624 560 681 insignis
570 627 596 672 et
605 626 688 684 armis,

141 691 175 739 ad
183 691 317 748 genitorem
325 693 388 740 imas
397 692 472 740 Erebi
480 694 605 741 deseendit
615 695 647 742 ad
656 694 765 743 umbras.

142 759 169 807 Si
178 761 204 807 te
213 760 282 807 nulla
290 764 371 809 movet
381 762 466 809 tantae
475 762 573 818 pietatis
582 762 671 821 imago,

142 829 170 875 st
178 843 274 875 ramum
284 829 363 877 huno’
376 829 465 887 (aperit
474 845 578 888 remum,
589 830 630 886 qui
639 833 706 880 veste
718 831 820 888 latebat)

143 895 272 953 ‘agnoscas
281 898 304 955 3’
320 898 415 944 tumida
425 913 455 946 ex
463 898 501 945 ira
510 900 564 945 tum
574 899 648 946 eorda
656 900 782 958 residunt3

141 979 188 1012 neo
197 965 269 1022 plura
278 966 316 1014 his
326 987 331 1015 ι
345 966 388 1015 ille
396 967 521 1014 admirans
530 968 666 1016 venerabile
675 970 765 1017 donum

141 1031 227 1080 fatalis
236 1034 328 1092 virgae,
338 1035 410 1092 longo
420 1037 475 1091 post
484 1037 594 1092 tempore
602 1037 690 1095 visum,

117 1122 133 1150 ο
142 1101 278 1150 eaeruleem
287 1103 395 1150 advertit
404 1103 505 1160 puppim
515 1104 629 1160 ripaeque
638 1106 792 1163 propinquat.

141 1168 204 1217 Inde
213 1170 273 1217 alias
283 1171 385 1229 animas,
395 1187 456 1227 quae
465 1186 509 1228 per
517 1172 576 1228 iuga
585 1173 658 1229 longa
667 1173 792 1230 sedebant,

140 1237 258 1286 deturbat
267 1239 381 1296 laxatque
390 1239 472 1297 ioros;
487 1241 559 1287 simul
569 1241 657 1297 ancipit
667 1241 736 1288 alveo

140 1304 265 1363 ingentem
274 1307 382 1356 Aenean.
412 1309 511 1356 Gemuit
521 1309 566 1356 sub
576 1310 681 1364 pondere
691 1309 776 1366 cymba

141 1374 222 1422 sutilis
231 1377 256 1423 et
265 1376 368 1424 multem
378 1377 471 1433 aeoepit
481 1378 571 1424 rimosa
580 1377 701 1432 paludem.

141 1445 252 1495 Tandem
270 1447 340 1494 trans
358 1446 459 1494 fluvium
478 1446 610 1495 ineolumes
634 1448 761 1502 vatemque
787 1445 822 1493 vi·

196 1528 299 1570 rumque
333 1550 339 1572 .‚

140 1578 242 1629 informi
251 1581 308 1630 limo
316 1582 449 1640 glaucaque
459 1583 557 1640 exponit
567 1584 593 1631 in
602 1583 668 1631 ulva.

171 1649 291 1698 Cerberus
300 1651 360 1698 baeu
368 1651 456 1710 iugens
465 1652 560 1699 latratu
569 1667 647 1709 regna
655 1651 755 1699 trifauci

142 1721 266 1776 personat,
276 1720 377 1767 adverso
386 1720 503 1768 recubam
512 1722 625 1768 immanis
634 1721 660 1768 in
669 1723 749 1769 antro.

143 1787 191 1835 Cui
199 1789 276 1845 vates,
284 1787 384 1835 horrere
393 1788 477 1836 videns
486 1789 535 1836 iem
545 1789 606 1837 colia
615 1790 728 1847 oolubris‚

117 1879 134 1906 e
142 1855 215 1904 melle
223 1857 361 1913 soporatam
371 1857 397 1903 et
407 1857 530 1904 medicatis
540 1858 651 1914 frugibus
661 1859 735 1905 offam

142 1923 234 1972 obiicit.
263 1924 309 1972 Ille
318 1925 383 1973 fame
392 1924 478 1972 rabide
487 1926 536 1974 tria
544 1929 649 1983 guttura
656 1926 764 1982 pandens

143 1991 244 2048 eorripit
253 1992 380 2051 obiectam,
390 1995 464 2050 amne
473 1994 588 2051 immania
598 1997 669 2051 terga
678 1995 778 2041 resolvit

142 2061 213 2109 fusus
222 2061 299 2119 humi,
309 2063 408 2118 temne
417 2063 502 2119 ingens
512 2063 652 2112 extenditur
661 2064 742 2109 antro.

143 2130 254 2185 Oeoupat
262 2131 358 2178 Aeneas
368 2131 462 2178 editum
472 2132 571 2178 custode
581 2130 685 2188 sepeio,

142 2199 271 2255 evadimus
281 2199 345 2247 celer
353 2199 432 2255 ripam
441 2199 600 2246 irremeabilis
609 2197 697 2245 undae.

170 2267 294 2315 Continuo
303 2267 400 2315 auditae
409 2283 479 2315 voees
488 2268 585 2323 vagitus
596 2267 622 2313 et
630 2266 725 2324 ingens,

141 2336 313 2392 infantumque
320 2336 416 2384 animae
426 2336 511 2384 flentes
520 2335 547 2382 in
556 2334 638 2381 limine
648 2333 735 2390 primo,

142 2420 202 2462 quos
211 2404 288 2452 dulcis
298 2405 363 2453 vitae
372 2407 480 2453 exsortes
490 2405 515 2451 et
524 2403 556 2450 ab
565 2402 638 2448 ubere
646 2403 731 2456 raptos

142 2473 245 2522 abstulit
254 2475 311 2521 atra
320 2474 370 2522 dies
380 2476 406 2522 et
415 2474 501 2521 funere
511 2470 597 2520 mersit
606 2469 700 2518 aoerbo.

191 2542 201 2592 <
209 2555 243 2592 251
253 2543 262 2590 )
