1972 3164
368 155 390 195 P.
404 153 525 194 VERGILI
538 153 669 194 MARONIS

182 252 221 299 Sic
230 252 266 298 uit
275 250 437 306 illacrimans3
451 266 535 298 umero
544 249 617 298 simul
626 251 695 299 exuit
705 266 792 301 ensem

181 321 303 376 auratum,
313 319 375 366 mira
384 334 454 375 quem
464 319 556 366 fecerat
565 320 620 366 erte
629 319 731 375 Lycaon

182 388 294 445 Gnosius,
304 389 377 444 atque
386 387 490 435 habilem
499 387 589 444 vagina
596 389 697 443 aptarat
707 388 811 437 eburna.

182 457 233 503 Dat
243 457 304 504 Niso
312 457 455 505 Mnestheus
465 457 552 513 pellem
561 456 734 512 horrentimue
743 457 819 505 leonis

181 525 294 581 exuvias3
308 524 403 581 guleam
412 525 475 571 fidus
483 525 609 580 permutat
619 524 713 572 Aletes.

182 593 298 639 Protinus
307 593 397 639 armati
406 593 522 641 inoednnt
531 612 538 650 3
553 608 613 649 quos
622 594 702 640 omnis
712 595 800 642 euntes

181 661 314 716 primorum
324 677 410 709 manus
419 662 451 708 ad
461 663 544 718 portes
554 661 720 717 iuvenumque
730 675 860 716 senumque
892 677 895 683 ·

133 753 170 789 310
181 729 334 786 prosequitur
343 730 414 777 votis.
441 730 466 777 N
466 745 493 777 eo
503 744 555 777 non
564 731 590 777 et
600 729 703 784 pulcher
712 729 792 786 Iulus,

181 800 239 845 ante
248 813 325 845 annos
334 799 488 854 animumque
497 812 585 855 gerens
595 813 727 854 eurumque
737 797 841 854 virilem,

180 865 259 913 multa
268 865 333 921 patri
342 867 459 914 mandatu
467 866 542 914 dabat
551 867 688 922 portanda:
702 866 747 914 sed
757 882 831 915 aurae

180 935 261 981 omnia
270 935 410 990 discerpunt
419 936 445 982 et
455 935 559 982 nubibus
569 934 641 982 irrita
651 935 754 983 donant.

207 1002 307 1058 Egressi
314 1005 430 1059 superant
439 1003 517 1050 fossas
526 1003 651 1059 noctuque
661 1019 706 1059 per
715 1003 829 1053 umbram

180 1072 261 1117 castra
270 1071 367 1119 inimica
376 1073 472 1128 petunt,
482 1071 567 1118 multis
576 1073 660 1119 tamen
670 1073 729 1120 auto
738 1073 819 1120 futuri

179 1138 261 1186 exitio.
291 1139 384 1186 Passim
393 1155 477 1187 somno
485 1139 588 1195 vinoque
597 1154 641 1194 per
651 1139 755 1187 herbam

180 1221 281 1262 corpora
289 1207 345 1255 fusa
355 1208 447 1265 vident,
458 1210 565 1256 arrectos
574 1207 647 1255 litore
657 1223 756 1267 currus,

178 1275 244 1322 inter
253 1275 305 1322 lora
313 1277 427 1332 rotasque
436 1276 509 1333 viros,
521 1275 592 1323 simul
603 1291 672 1323 arma
681 1276 771 1337 iecere,

179 1342 236 1390 vina
245 1343 325 1390 simul.
354 1344 425 1391 Prior
435 1344 583 1400 Hyrtacides
593 1343 627 1391 sie
637 1359 679 1392 ore
686 1346 798 1397 loeutus:

132 1429 168 1467 320
180 1411 186 1431 ‘
197 1411 311 1468 Euryale,
322 1413 460 1460 audendum
474 1414 576 1470 dextra3
591 1429 656 1462 nuno
665 1413 720 1470 ipsa
729 1419 802 1465 vocat
811 1434 857 1466 rer.

179 1479 235 1526 Hae
241 1479 290 1526 iter
300 1481 345 1527 est.
374 1481 420 1538 Tu,
430 1497 461 1529 ne
471 1497 519 1538 qua
527 1497 615 1528 manus
625 1496 651 1529 se
664 1483 780 1534 attollere
789 1487 857 1534 nobis

178 1562 194 1593 a
202 1549 272 1604 tergo
281 1549 364 1606 possit,
376 1550 504 1598 custodiet
514 1551 611 1598 consule
621 1551 708 1608 longe;

177 1615 237 1662 haee
247 1631 291 1672 ego
300 1611 371 1664 uasta
381 1617 443 1665 dabo
453 1621 478 1665 et
488 1619 539 1666 lato
547 1620 573 1665 te
582 1618 659 1666 limite
669 1619 776 1668 ducam!

178 1683 217 1730 Sic
237 1686 355 1731 memorat
375 1701 502 1742 vocemque
521 1686 625 1743 premit;
651 1686 724 1734 simul
744 1704 802 1738 ense
821 1707 858 1738 su-

233 1752 334 1808 perbum

176 1820 339 1868 Rhamnetem
349 1822 499 1880 aggreditur,
510 1823 551 1879 qui
560 1823 624 1870 forte
633 1824 758 1879 tapetibus
768 1825 826 1872 ultis

176 1892 315 1937 exstructus
325 1892 377 1938 toto
387 1892 508 1946 proflabat
517 1895 614 1948 pectore
624 1907 746 1951 somnum,

176 1972 220 2004 rex
230 1958 293 2005 idem
302 1960 327 2005 et
337 1959 390 2015 regi
400 1960 484 2006 Turno
493 1960 646 2016 gratissimus
656 1976 745 2019 augur,

176 2027 277 2074 sednon
288 2028 391 2084 augurio
401 2028 482 2083 potuit
492 2028 611 2084 depellere
621 2031 723 2083 pestem.

176 2095 236 2142 Tres
246 2095 318 2142 iuxta
327 2095 431 2141 famulos
441 2097 532 2143 temere
541 2096 607 2143 inter
616 2096 666 2143 tela
675 2096 792 2154 iacentes,

176 2164 369 2220 armigerumque
380 2164 451 2210 Remi
460 2163 549 2219 premit
560 2164 718 2220 aurigamque
728 2165 773 2211 sub
783 2166 842 2222 ipsis

128 2249 165 2283 330
176 2234 263 2279 nactus
274 2231 348 2288 eonio,
359 2231 471 2286 ferroque
482 2234 547 2279 secat
558 2232 689 2287 pendentia
698 2232 775 2289 oolla3

175 2301 229 2345 tum
245 2301 318 2355 caput
335 2298 381 2354 ipsi
396 2299 478 2346 aufert
494 2299 590 2347 domino
605 2301 769 2356 truncumque
784 2301 856 2348 relin-

232 2368 284 2422 quit

174 2435 291 2490 sanguino
300 2435 476 2491 singultantem
486 2455 492 2493 ;
508 2438 562 2482 atro
572 2437 695 2491 tepefacta
705 2451 792 2482 eruore

223 2503 232 2550 (
242 2506 276 2550 328
286 2502 295 2550 )
