1972 3164
313 180 472 221 nnuman

58 290 115 324 oum
124 275 225 324 stabulis
235 279 347 325 armenta
355 279 441 325 trahit.
471 279 530 326 Vidi
539 279 590 334 ipse
599 279 721 327 furentem

10 364 48 403 300
58 344 131 392 eaede
140 344 322 400 Neoptolemum
331 347 485 402 geminosque
495 346 521 392 in
530 346 612 393 limine
622 347 731 404 Atridas,

58 412 109 460 vidi
123 413 249 462 Hecubam
259 416 404 470 uentumque
415 431 492 461 nurus
503 414 676 471 Priamumque
689 431 733 472 per

115 497 179 538 aras,

59 549 177 606 sanguine
186 549 324 598 foedantem
333 567 392 608 quos
401 551 453 608 ipse
463 553 603 599 sacraverat
612 551 688 608 ignes.

59 617 242 674 Quinquaginta
250 619 287 666 illi
295 619 405 677 thalami,
416 636 470 676 spes
479 623 551 667 tanta
559 622 685 677 nepotum,

59 684 186 733 barbarico
195 689 276 742 postes
285 704 346 735 auro
355 688 482 744 spoliisque
493 689 590 745 superbi

60 754 224 810 procubuere3
237 757 323 804 tenent
333 757 422 812 Danai,
433 773 481 813 qua
490 757 572 805 deficit
580 758 653 815 ignis.

90 822 219 870 ‘Forsitan
228 826 253 870 et
262 824 354 871 Priami
363 825 456 872 fuerint
465 840 526 881 quae
535 826 589 873 tata
598 826 714 881 requiras,

60 891 135 939 Urbis
145 892 183 938 uti
192 894 277 948 captae
286 909 369 940 casum
379 894 538 949 convulsaque
548 894 610 941 vidit

60 959 145 1006 limina
154 961 273 1007 teotorum
283 963 308 1008 et
318 962 423 1009 medium
430 963 456 1009 in
462 963 626 1019 penetralibus
631 964 734 1017 hostem,

61 1045 131 1075 arma
140 1028 182 1075 diu
191 1029 270 1075 senior
278 1029 380 1077 desueta
388 1031 550 1078 trementibus
559 1046 619 1078 aevo

10 1118 51 1155 510
61 1097 196 1144 circumdat
205 1097 350 1153 nequiquam
359 1099 458 1155 umeris,
469 1099 493 1145 et
503 1099 590 1145 inutile
599 1098 692 1145 ferrum

60 1166 177 1223 cingitur,
190 1181 220 1214 ao
228 1167 313 1214 densos
323 1167 403 1214 fertur
412 1167 544 1214 moriturus
553 1167 579 1212 in
588 1167 678 1213 hostes.

60 1234 169 1282 Aedibus
178 1235 204 1281 iu
212 1235 297 1282 mediis
307 1235 417 1291 nudoque
427 1235 473 1282 sub
483 1235 586 1281 aetheris
596 1249 641 1280 axe

60 1303 147 1360 ingens
156 1319 200 1350 ara
209 1303 257 1350 fuit
266 1304 382 1359 iuxtaque
390 1303 521 1351 veterrima
529 1302 621 1358 laurus,

60 1371 202 1419 incumbens
212 1388 268 1420 arae
278 1374 351 1429 amue
360 1372 447 1419 umbra
456 1371 580 1426 complexa
589 1370 701 1417 Penates.

62 1441 112 1488 Hie
121 1440 224 1488 Hecuba
233 1443 258 1488 et
267 1443 340 1489 natae
347 1441 492 1497 nequiquam
502 1438 592 1485 altaria
601 1439 699 1494 circum,

61 1509 206 1565 praecipites
216 1512 272 1557 atra
281 1525 326 1557 oeu
334 1510 481 1566 tempestate
491 1507 625 1563 columbae,

62 1577 197 1625 condensae
206 1580 232 1625 et
241 1578 324 1624 divum
333 1577 458 1633 amplexae
470 1575 601 1623 simulacra
613 1573 736 1621 sedebant.

62 1646 148 1702 Ipsum
158 1647 241 1693 autem
251 1646 354 1701 sumptis
365 1646 488 1692 Priamum
498 1643 650 1691 iuvenalibus
663 1640 737 1688 armis

62 1716 93 1762 ut
102 1713 172 1771 vidit,
184 1714 200 1736 ‘⁴
209 1715 276 1771 Quae
284 1715 409 1762 menstum
416 1714 478 1770 dira,
486 1712 618 1759 miserrime
624 1711 736 1765 coniunx,

15 1799 53 1836 520
63 1782 161 1839 impulit
171 1783 209 1829 bis
218 1782 283 1839 cingi
291 1783 362 1829 telis?
376 1784 419 1828 aut
429 1797 475 1837 quo
484 1781 535 1827 ruis
543 1783 552 1827 P
560 1781 574 1800 ’'
588 1780 675 1835 inquit.

65 1852 146 1898 “Non
155 1851 201 1898 tali
209 1851 300 1898 auxilio
308 1866 353 1901 nee
363 1849 527 1896 defensoribus
536 1848 590 1895 istis

62 1922 160 1975 tempus
170 1921 234 1977 eget,
242 1934 299 1975 non,
305 1919 326 1966 si
334 1919 386 1973 ipse
394 1932 462 1964 meus
468 1932 533 1963 nune
541 1916 628 1963 afforet
636 1915 737 1961 Hector.

63 1991 122 2036 Huc
132 1987 343 2035 tandemeonoede
352 2006 357 2041 ;
371 1986 431 2032 haee
440 2001 484 2032 ara
492 1985 602 2032 tuebitur
611 1998 702 2037 omnes,

64 2059 109 2105 aut
118 2057 220 2104 moriere
230 2056 327 2103 simul.’'
359 2054 398 2101 Sic
407 2069 448 2100 ore
457 2053 533 2100 effata
541 2051 632 2106 recepit

63 2127 96 2175 ad
106 2141 157 2174 sese
167 2127 192 2173 et
202 2141 272 2173 saera
281 2125 425 2180 longaevum
434 2122 460 2168 in
470 2121 525 2168 sede
535 2119 631 2167 locavit.

90 2196 155 2242 ane
164 2196 247 2242 autem
256 2192 351 2248 elapsus
361 2190 450 2247 Pyrrhi
459 2190 488 2236 de
499 2187 572 2235 caede
583 2185 683 2240 Polites,

64 2280 128 2312 unus
138 2265 252 2310 natorum
262 2260 362 2316 Priami,
373 2275 416 2314 per
424 2257 483 2313 tela,
493 2272 537 2312 per
546 2256 627 2301 hostes

64 2332 197 2390 porticibus
207 2330 284 2386 longis
294 2328 359 2384 fugit
369 2328 394 2373 et
404 2341 482 2372 vacua
492 2324 556 2370 atria
563 2322 653 2368 lustrat

65 2401 169 2449 sendus.
199 2399 273 2446 Illum
282 2398 370 2444 ardens
379 2394 468 2441 infesto
476 2392 576 2438 vulnere
586 2388 694 2445 Pyrrhus

17 2490 55 2526 530
64 2469 209 2584 insequitur,
216 2467 264 2514 iam
273 2466 368 2521 iamque
376 2462 524 2510 manutenet
530 2461 556 2507 et
565 2458 653 2515 premit
660 2457 738 2504 hasta.

114 2537 123 2585 (
133 2550 167 2585 1⁵3
