1972 3164
314 188 464 230 GEORGIOA.
489 190 524 228 111

81 303 172 345 pascua
186 287 240 343 post
254 287 361 334 montem
381 284 517 342 oppositum
532 286 558 332 et
571 285 641 332 trans
656 286 755 334 flumina

137 356 196 413 lata,

81 426 125 472 ant
135 425 202 471 intus
212 423 304 471 clausos
314 424 400 470 satura
409 423 440 470 ad
450 423 576 479 praesepia
585 426 690 471 servant.
757 455 760 462 ·

81 493 167 550 Carpit
176 492 240 539 enim
250 492 311 539 vires
321 492 440 547 paulatim
449 491 547 547 uritque
557 492 658 539 videndo

81 562 181 618 femina,
189 577 234 609 uec
240 576 364 608 nemorum
372 561 467 617 patitur
472 560 608 607 meminisse
618 577 662 608 nec
670 561 758 608 herbas

81 630 191 678 dulcibus
200 631 244 678 illa
252 629 347 685 quidem
356 629 482 686 illecebris,
492 630 518 676 et
527 644 598 684 saepe
608 629 723 684 superbos

81 699 193 747 cornibus
203 699 268 746 inter
277 713 302 746 se
312 697 402 755 subigit
412 698 539 745 decernere
548 699 666 744 amantes.

82 767 196 814 Pascitur
205 767 230 813 in
240 781 329 822 magua
338 765 390 814 Sila
398 765 505 812 formosa
513 765 629 814 iuvencas

33 856 71 881 220
81 835 119 882 illi
128 835 278 883 alternantes
288 834 367 880 multa
376 834 401 880 vi
410 835 500 890 proclia
509 834 611 882 miscent

82 903 222 950 vulneribus
233 902 333 959 crebris,
344 902 404 950 lavit
414 905 468 950 ater
478 918 578 958 corpora
587 904 695 962 sanguis,

81 987 198 1028 versaque
207 972 233 1018 in
243 971 342 1018 obnixos
351 972 472 1027 urgentur
481 986 571 1017 cornua
580 973 650 1018 vasto

82 1056 138 1088 cum
148 1040 248 1097 gemitu,
259 1039 361 1087 reboant
371 1039 492 1094 silvaeque
501 1040 526 1086 et
536 1039 622 1096 longus
632 1039 757 1095 Olympus.

81 1108 135 1155 Nec
146 1123 197 1154 mos
207 1108 326 1155 bellantes
336 1123 385 1153 una
395 1107 524 1165 stabulare,
534 1108 575 1154 sed
585 1107 647 1154 alter

82 1177 162 1224 victus
172 1176 231 1233 abit,
242 1176 358 1232 longeque
367 1176 457 1232 ignotis
466 1176 562 1222 exsulat
572 1175 628 1232 oris,

82 1245 162 1291 multa
171 1259 269 1301 gemeus
278 1244 436 1302 ignominiam
446 1244 579 1301 plagasque
589 1243 686 1298 superbi

82 1312 190 1370 victoris,
200 1314 253 1359 tum
263 1327 322 1368 quos
332 1312 414 1359 amisit
423 1312 517 1358 inultus
527 1326 630 1366 amores,

83 1383 110 1429 et
118 1380 215 1428 stabula
224 1382 350 1437 aspectans
361 1380 442 1436 regnis
452 1379 555 1426 excessit
569 1378 649 1424 avitis.

84 1450 152 1506 Ergo
160 1449 226 1496 omni
234 1464 294 1497 cura
303 1449 366 1496 vires
376 1449 481 1504 exercet,
492 1449 517 1494 et
527 1446 592 1493 inter

34 1541 72 1578 αφ
84 1518 148 1566 dura
156 1517 219 1564 iacet
228 1532 320 1574 pernox
329 1517 435 1563 lustrato
445 1531 504 1562 saxa
513 1514 587 1563 cubili

84 1586 211 1634 frondibus
220 1585 321 1633 hirsutis
331 1586 356 1632 et
366 1585 444 1632 carice
455 1586 540 1640 pastus
550 1585 631 1639 acuta,

83 1656 109 1702 et
119 1655 225 1710 temptat
235 1669 295 1710 sese,
306 1655 379 1710 atque
388 1652 459 1700 irasci
468 1653 494 1699 in
505 1667 595 1700 cornua
605 1649 675 1698 discit

84 1722 178 1771 arboris
187 1722 290 1770 obnixus
300 1723 396 1778 trunco,
407 1721 538 1776 ventosque
548 1718 644 1766 lacessit

83 1790 181 1847 ictibus,
192 1792 217 1837 et
227 1805 312 1846 sparsa
321 1790 353 1836 ad
362 1803 469 1845 pugnam
479 1787 587 1844 proludit
595 1787 694 1834 harena.

84 1859 145 1906 Post
154 1859 196 1906 nbi
206 1858 334 1906 collectum
344 1857 418 1904 robur
427 1856 537 1912 viresque
548 1856 663 1912 refectae,

84 1928 155 1985 sigua
159 1928 249 1984 moret,
257 1941 416 1983 praecepsque
426 1925 528 1972 oblitum
535 1925 616 1976 fertur
622 1924 649 1970 in
656 1923 764 1970 hostem:

84 1996 174 2043 fluctus
183 1995 230 2053 uti,
241 1995 319 2041 medio
329 1994 406 2049 coepit
417 2009 472 2041 cum
482 1993 601 2040 albescere
611 1992 694 2047 ponto,

84 2064 181 2120 longius
190 2080 220 2112 ex
230 2064 328 2119 altoque
339 2063 419 2109 sinum
428 2061 515 2119 trahit,
526 2064 601 2117 utque
610 2061 709 2107 volutus

85 2133 118 2180 ad
127 2134 206 2180 terras
216 2133 321 2178 immane
331 2132 401 2177 sonat
412 2145 455 2186 per
465 2145 524 2176 saxa
533 2144 610 2184 neque
620 2128 674 2182 ipso

34 2221 74 2257 24⁰
85 2203 168 2248 monte
178 2202 256 2247 minor
266 2198 411 2256 procumbit,
422 2200 449 2244 at
459 2198 509 2244 ima
518 2196 645 2244 exaestuat
654 2194 721 2240 undo

85 2270 217 2317 verticibus
228 2269 371 2325 nigramque
381 2267 430 2313 alte
440 2265 560 2312 subiectat
570 2264 696 2310 harenam.

116 2338 194 2385 Omne
213 2337 273 2384 adeo
292 2350 368 2393 genus
384 2334 409 2380 in
425 2333 498 2380 terris
515 2331 686 2384 hominumque
705 2328 767 2375 iera·

142 2420 252 2463 rumque,

281 2501 319 2533 219.
340 2495 409 2531 ‘silva'
415 2495 471 2530 codd.
479 2493 574 2536 plerique.

136 2552 145 2602 (
154 2555 176 2592 8¹
186 2553 195 2601 )
