<?xml version="1.0" encoding="UTF-8"?>
<!DOCTYPE html PUBLIC "-//W3C//DTD XHTML 1.0 Transitional//EN"
    "http://www.w3.org/TR/xhtml1/DTD/xhtml1-transitional.dtd">
<html xmlns="http://www.w3.org/1999/xhtml" xml:lang="en" lang="en">
 <head>
  <title>
</title>
<meta http-equiv="Content-Type" content="text/html;charset=utf-8" />
  <meta name='ocr-system' content='tesseract 3.04.00' />
  <meta name='ocr-capabilities' content='ocr_page ocr_carea ocr_par ocr_line ocrx_word'/>
</head>
<body>
  <div class='ocr_page' id='page_1' title='image "./pvergilimaronis07virggoog/pvergilimaronis07virggoog_0035.png"; bbox 0 0 1972 3164; ppageno 0'>
   <div class='ocr_carea' id='block_1_1' title="bbox 414 178 709 218">
    <p class='ocr_par' dir='ltr' id='par_1_1' title="bbox 414 178 709 218">
     <span class='ocr_line' id='line_1_1' title="bbox 414 178 709 218; baseline -0.003 0"><span class='ocrx_word' id='word_1_1' title='bbox 414 179 436 218; x_wconf 86' lang='grc' dir='ltr'>Ρ,</span> <span class='ocrx_word' id='word_1_2' title='bbox 450 178 568 218; x_wconf 81' lang='lat' dir='ltr'>VERGILI</span> <span class='ocrx_word' id='word_1_3' title='bbox 582 178 709 217; x_wconf 87' lang='lat' dir='ltr'>MARONIS</span> 
     </span>
    </p>
   </div>
   <div class='ocr_carea' id='block_1_2' title="bbox 187 273 900 2448">
    <p class='ocr_par' dir='ltr' id='par_1_2' title="bbox 187 273 900 2448">
     <span class='ocr_line' id='line_1_2' title="bbox 224 273 772 334; baseline -0.004 -12"><span class='ocrx_word' id='word_1_4' title='bbox 224 274 332 322; x_wconf 85' lang='lat' dir='ltr'>Alternis</span> <span class='ocrx_word' id='word_1_5' title='bbox 342 273 421 334; x_wconf 85' lang='lat' dir='ltr'>igitur</span> <span class='ocrx_word' id='word_1_6' title='bbox 430 275 574 322; x_wconf 77' lang='lat' dir='ltr'>contendere</span> <span class='ocrx_word' id='word_1_7' title='bbox 584 273 693 322; x_wconf 86' lang='lat' dir='ltr'>versibus</span> <span class='ocrx_word' id='word_1_8' title='bbox 702 273 772 320; x_wconf 90' lang='lat' dir='ltr'>ambo</span> 
     </span>
     <span class='ocr_line' id='line_1_3' title="bbox 224 342 831 400; baseline 0 -10"><span class='ocrx_word' id='word_1_9' title='bbox 224 359 336 400; x_wconf 88' lang='lat' dir='ltr'>coepere;</span> <span class='ocrx_word' id='word_1_10' title='bbox 352 343 458 391; x_wconf 88' lang='lat' dir='ltr'>alternos</span> <span class='ocrx_word' id='word_1_11' title='bbox 469 344 555 390; x_wconf 81' lang='lat' dir='ltr'>Musae</span> <span class='ocrx_word' id='word_1_12' title='bbox 565 342 700 390; x_wconf 82' lang='lat' dir='ltr'>meminisse</span> <span class='ocrx_word' id='word_1_13' title='bbox 711 342 831 390; x_wconf 83' lang='lat' dir='ltr'>volebant.</span> 
     </span>
     <span class='ocr_line' id='line_1_4' title="bbox 187 410 848 469; baseline 0 -11"><span class='ocrx_word' id='word_1_14' title='bbox 187 429 212 454; x_wconf 85' lang='lat'>20</span> <span class='ocrx_word' id='word_1_15' title='bbox 225 412 277 458; x_wconf 87' lang='lat' dir='ltr'>Hos</span> <span class='ocrx_word' id='word_1_16' title='bbox 287 412 406 469; x_wconf 79' lang='lat' dir='ltr'>Corydon,</span> <span class='ocrx_word' id='word_1_17' title='bbox 416 412 471 458; x_wconf 88' lang='lat' dir='ltr'>illos</span> <span class='ocrx_word' id='word_1_18' title='bbox 482 410 604 459; x_wconf 83' lang='lat' dir='ltr'>referebat</span> <span class='ocrx_word' id='word_1_19' title='bbox 613 411 638 456; x_wconf 93' lang='lat' dir='ltr'>in</span> <span class='ocrx_word' id='word_1_20' title='bbox 648 411 731 457; x_wconf 86' lang='lat' dir='ltr'>ordine</span> <span class='ocrx_word' id='word_1_21' title='bbox 741 411 848 467; x_wconf 76' lang='lat' dir='ltr'>Thyrsis.</span> 
     </span>
     <span class='ocr_line' id='line_1_5' title="bbox 252 479 897 538; baseline -0.006 -10"><span class='ocrx_word' id='word_1_22' title='bbox 252 481 280 528; x_wconf 80' lang='lat'>0.</span> <span class='ocrx_word' id='word_1_23' title='bbox 309 480 446 538; x_wconf 83' lang='lat' dir='ltr'>Nymphae,</span> <span class='ocrx_word' id='word_1_24' title='bbox 470 481 553 526; x_wconf 87' lang='lat' dir='ltr'>noster</span> <span class='ocrx_word' id='word_1_25' title='bbox 576 494 651 536; x_wconf 88' lang='lat' dir='ltr'>amor,</span> <span class='ocrx_word' id='word_1_26' title='bbox 672 479 833 534; x_wconf 70' lang='lat' dir='ltr'>Libethrides,</span> <span class='ocrx_word' id='word_1_27' title='bbox 853 480 897 525; x_wconf 89' lang='lat' dir='ltr'>aut</span> 
     </span>
     <span class='ocr_line' id='line_1_6' title="bbox 280 548 446 596; baseline 0.006 -1"><span class='ocrx_word' id='word_1_28' title='bbox 280 548 339 595; x_wconf 93' lang='lat' dir='ltr'>mihi</span> <span class='ocrx_word' id='word_1_29' title='bbox 349 564 446 596; x_wconf 87' lang='lat' dir='ltr'>carmen</span> 
     </span>
     <span class='ocr_line' id='line_1_7' title="bbox 224 616 809 673; baseline -0.005 -9"><span class='ocrx_word' id='word_1_30' title='bbox 224 616 293 673; x_wconf 83' lang='lat' dir='ltr'>quale</span> <span class='ocrx_word' id='word_1_31' title='bbox 303 632 357 664; x_wconf 88' lang='lat' dir='ltr'>meo</span> <span class='ocrx_word' id='word_1_32' title='bbox 367 617 445 664; x_wconf 83' lang='lat' dir='ltr'>Codro</span> <span class='ocrx_word' id='word_1_33' title='bbox 455 617 577 663; x_wconf 89' lang='lat' dir='ltr'>concedite</span> <span class='ocrx_word' id='word_1_34' title='bbox 588 616 707 672; x_wconf 81' lang='lat' dir='ltr'>(proxima</span> <span class='ocrx_word' id='word_1_35' title='bbox 717 616 809 662; x_wconf 86' lang='lat' dir='ltr'>Phoebi</span> 
     </span>
     <span class='ocr_line' id='line_1_8' title="bbox 224 683 850 740; baseline -0.003 -9"><span class='ocrx_word' id='word_1_36' title='bbox 224 685 331 731; x_wconf 84' lang='lat' dir='ltr'>versibus</span> <span class='ocrx_word' id='word_1_37' title='bbox 340 685 381 738; x_wconf 79' lang='lat' dir='ltr'>ille</span> <span class='ocrx_word' id='word_1_38' title='bbox 391 683 460 740; x_wconf 79' lang='lat' dir='ltr'>tacit)</span> <span class='ocrx_word' id='word_1_39' title='bbox 471 686 524 740; x_wconf 85' lang='lat' dir='ltr'>aut,</span> <span class='ocrx_word' id='word_1_40' title='bbox 535 684 556 730; x_wconf 91' lang='lat' dir='ltr'>si</span> <span class='ocrx_word' id='word_1_41' title='bbox 565 700 614 730; x_wconf 91' lang='lat' dir='ltr'>non</span> <span class='ocrx_word' id='word_1_42' title='bbox 623 699 750 739; x_wconf 88' lang='lat' dir='ltr'>possumus</span> <span class='ocrx_word' id='word_1_43' title='bbox 760 699 850 740; x_wconf 91' lang='lat' dir='ltr'>omnes,</span> 
     </span>
     <span class='ocr_line' id='line_1_9' title="bbox 223 751 733 811; baseline -0.004 -11"><span class='ocrx_word' id='word_1_44' title='bbox 223 753 263 800; x_wconf 90' lang='lat' dir='ltr'>hic</span> <span class='ocrx_word' id='word_1_45' title='bbox 272 754 362 811; x_wconf 86' lang='lat' dir='ltr'>arguta</span> <span class='ocrx_word' id='word_1_46' title='bbox 371 768 441 799; x_wconf 87' lang='lat' dir='ltr'>sacra</span> <span class='ocrx_word' id='word_1_47' title='bbox 450 752 565 808; x_wconf 76' lang='lat' dir='ltr'>pendebit</span> <span class='ocrx_word' id='word_1_48' title='bbox 574 751 657 798; x_wconf 87' lang='lat' dir='ltr'>fistula</span> <span class='ocrx_word' id='word_1_49' title='bbox 666 751 733 807; x_wconf 90' lang='lat' dir='ltr'>pinu.</span> 
     </span>
     <span class='ocr_line' id='line_1_10' title="bbox 252 821 895 878; baseline -0.005 -10"><span class='ocrx_word' id='word_1_50' title='bbox 252 822 281 868; x_wconf 91' lang='grc' dir='ltr'>Τ.</span> <span class='ocrx_word' id='word_1_51' title='bbox 309 822 430 878; x_wconf 87' lang='lat' dir='ltr'>Pastores,</span> <span class='ocrx_word' id='word_1_52' title='bbox 437 821 527 868; x_wconf 78' lang='lat' dir='ltr'>hedera</span> <span class='ocrx_word' id='word_1_53' title='bbox 536 821 683 868; x_wconf 77' lang='lat' dir='ltr'>crescentem</span> <span class='ocrx_word' id='word_1_54' title='bbox 693 824 780 867; x_wconf 84' lang='lat' dir='ltr'>ornate</span> <span class='ocrx_word' id='word_1_55' title='bbox 790 821 895 876; x_wconf 88' lang='lat' dir='ltr'>poetam,</span> 
     </span>
     <span class='ocr_line' id='line_1_11' title="bbox 223 888 789 948; baseline -0.005 -10"><span class='ocrx_word' id='word_1_56' title='bbox 223 891 338 948; x_wconf 83' lang='lat' dir='ltr'>Arcades,</span> <span class='ocrx_word' id='word_1_57' title='bbox 349 890 440 936; x_wconf 86' lang='lat' dir='ltr'>invidia</span> <span class='ocrx_word' id='word_1_58' title='bbox 449 890 597 944; x_wconf 87' lang='lat' dir='ltr'>rumpantur</span> <span class='ocrx_word' id='word_1_59' title='bbox 606 890 634 935; x_wconf 95' lang='lat' dir='ltr'>ut</span> <span class='ocrx_word' id='word_1_60' title='bbox 644 888 687 934; x_wconf 88' lang='lat' dir='ltr'>ilia</span> <span class='ocrx_word' id='word_1_61' title='bbox 696 889 789 944; x_wconf 84' lang='lat' dir='ltr'>Codro;</span> 
     </span>
     <span class='ocr_line' id='line_1_12' title="bbox 223 955 860 1014; baseline -0.003 -10"><span class='ocrx_word' id='word_1_62' title='bbox 223 960 276 1014; x_wconf 86' lang='lat' dir='ltr'>aut,</span> <span class='ocrx_word' id='word_1_63' title='bbox 287 957 307 1005; x_wconf 89' lang='lat' dir='ltr'>si</span> <span class='ocrx_word' id='word_1_64' title='bbox 317 957 383 1004; x_wconf 88' lang='lat' dir='ltr'>ultra</span> <span class='ocrx_word' id='word_1_65' title='bbox 392 956 509 1013; x_wconf 89' lang='lat' dir='ltr'>placitum</span> <span class='ocrx_word' id='word_1_66' title='bbox 519 956 634 1013; x_wconf 86' lang='lat' dir='ltr'>laudarit,</span> <span class='ocrx_word' id='word_1_67' title='bbox 644 955 745 1003; x_wconf 76' lang='lat' dir='ltr'>baccare</span> <span class='ocrx_word' id='word_1_68' title='bbox 754 956 860 1003; x_wconf 83' lang='lat' dir='ltr'>frontem</span> 
     </span>
     <span class='ocr_line' id='line_1_13' title="bbox 223 1023 787 1083; baseline -0.004 -10"><span class='ocrx_word' id='word_1_69' title='bbox 223 1025 321 1083; x_wconf 86' lang='lat' dir='ltr'>cingite,</span> <span class='ocrx_word' id='word_1_70' title='bbox 331 1041 362 1073; x_wconf 89' lang='lat' dir='ltr'>ne</span> <span class='ocrx_word' id='word_1_71' title='bbox 371 1025 423 1071; x_wconf 85' lang='lat' dir='ltr'>vati</span> <span class='ocrx_word' id='word_1_72' title='bbox 432 1026 518 1072; x_wconf 87' lang='lat' dir='ltr'>noceat</span> <span class='ocrx_word' id='word_1_73' title='bbox 528 1024 593 1071; x_wconf 86' lang='lat' dir='ltr'>mela</span> <span class='ocrx_word' id='word_1_74' title='bbox 601 1023 686 1080; x_wconf 87' lang='lat' dir='ltr'>lingua</span> <span class='ocrx_word' id='word_1_75' title='bbox 694 1023 787 1071; x_wconf 86' lang='lat' dir='ltr'>futuro.</span> 
     </span>
     <span class='ocr_line' id='line_1_14' title="bbox 249 1092 854 1150; baseline -0.005 -9"><span class='ocrx_word' id='word_1_76' title='bbox 249 1094 277 1141; x_wconf 80' lang='lat'>0.</span> <span class='ocrx_word' id='word_1_77' title='bbox 307 1093 400 1140; x_wconf 85' lang='lat' dir='ltr'>Saetosi</span> <span class='ocrx_word' id='word_1_78' title='bbox 410 1095 484 1148; x_wconf 88' lang='lat' dir='ltr'>caput</span> <span class='ocrx_word' id='word_1_79' title='bbox 493 1093 538 1140; x_wconf 91' lang='lat' dir='ltr'>hoo</span> <span class='ocrx_word' id='word_1_80' title='bbox 548 1092 602 1148; x_wconf 87' lang='lat' dir='ltr'>apri</span> <span class='ocrx_word' id='word_1_81' title='bbox 610 1093 663 1150; x_wconf 84' lang='lat' dir='ltr'>tibi,</span> <span class='ocrx_word' id='word_1_82' title='bbox 675 1092 754 1149; x_wconf 89' lang='lat' dir='ltr'>Delia,</span> <span class='ocrx_word' id='word_1_83' title='bbox 765 1107 854 1147; x_wconf 86' lang='lat' dir='ltr'>parvus</span> 
     </span>
     <span class='ocr_line' id='line_1_15' title="bbox 189 1160 728 1217; baseline -0.002 -10"><span class='ocrx_word' id='word_1_84' title='bbox 189 1181 213 1217; x_wconf 87' lang='lat'>30</span> <span class='ocrx_word' id='word_1_85' title='bbox 224 1164 250 1209; x_wconf 88' lang='lat' dir='ltr'>ct</span> <span class='ocrx_word' id='word_1_86' title='bbox 258 1177 355 1208; x_wconf 87' lang='lat' dir='ltr'>ramosa</span> <span class='ocrx_word' id='word_1_87' title='bbox 364 1160 446 1208; x_wconf 88' lang='lat' dir='ltr'>Micon</span> <span class='ocrx_word' id='word_1_88' title='bbox 457 1162 546 1208; x_wconf 86' lang='lat' dir='ltr'>vivacis</span> <span class='ocrx_word' id='word_1_89' title='bbox 556 1177 647 1208; x_wconf 91' lang='lat' dir='ltr'>cornua</span> <span class='ocrx_word' id='word_1_90' title='bbox 656 1161 728 1208; x_wconf 86' lang='lat' dir='ltr'>cervi.</span> 
     </span>
     <span class='ocr_line' id='line_1_16' title="bbox 227 1228 823 1286; baseline -0.007 -9"><span class='ocrx_word' id='word_1_91' title='bbox 227 1229 254 1277; x_wconf 81' lang='lat' dir='ltr'>Si</span> <span class='ocrx_word' id='word_1_92' title='bbox 263 1229 387 1285; x_wconf 85' lang='lat' dir='ltr'>proprium</span> <span class='ocrx_word' id='word_1_93' title='bbox 396 1229 442 1276; x_wconf 93' lang='lat' dir='ltr'>hoc</span> <span class='ocrx_word' id='word_1_94' title='bbox 451 1229 535 1286; x_wconf 84' lang='lat' dir='ltr'>tuerit,</span> <span class='ocrx_word' id='word_1_95' title='bbox 545 1228 592 1276; x_wconf 81' lang='lat' dir='ltr'>levi</span> <span class='ocrx_word' id='word_1_96' title='bbox 602 1230 631 1277; x_wconf 88' lang='lat' dir='ltr'>de</span> <span class='ocrx_word' id='word_1_97' title='bbox 641 1243 760 1276; x_wconf 88' lang='lat' dir='ltr'>marmore</span> <span class='ocrx_word' id='word_1_98' title='bbox 769 1230 823 1274; x_wconf 84' lang='lat' dir='ltr'>tota</span> 
     </span>
     <span class='ocr_line' id='line_1_17' title="bbox 224 1297 730 1354; baseline 0 -10"><span class='ocrx_word' id='word_1_99' title='bbox 224 1298 325 1354; x_wconf 83' lang='lat' dir='ltr'>puniceo</span> <span class='ocrx_word' id='word_1_100' title='bbox 334 1297 409 1344; x_wconf 88' lang='lat' dir='ltr'>stabis</span> <span class='ocrx_word' id='word_1_101' title='bbox 419 1312 488 1344; x_wconf 87' lang='lat' dir='ltr'>suras</span> <span class='ocrx_word' id='word_1_102' title='bbox 499 1298 596 1344; x_wconf 85' lang='lat' dir='ltr'>evincta</span> <span class='ocrx_word' id='word_1_103' title='bbox 605 1297 730 1345; x_wconf 72' lang='lat' dir='ltr'>cothurno,</span> 
     </span>
     <span class='ocr_line' id='line_1_18' title="bbox 252 1363 895 1422; baseline -0.006 -9"><span class='ocrx_word' id='word_1_104' title='bbox 252 1367 281 1414; x_wconf 92' lang='lat' dir='ltr'>T.</span> <span class='ocrx_word' id='word_1_105' title='bbox 310 1363 895 1422; x_wconf 82' lang='lat' dir='ltr'>Sinumlactisethaecteliba,Priape,quotannis</span> 
     </span>
     <span class='ocr_line' id='line_1_19' title="bbox 223 1433 812 1492; baseline -0.005 -10"><span class='ocrx_word' id='word_1_106' title='bbox 223 1436 363 1492; x_wconf 87' lang='lat' dir='ltr'>exspectare</span> <span class='ocrx_word' id='word_1_107' title='bbox 373 1436 412 1481; x_wconf 87' lang='lat' dir='ltr'>sat</span> <span class='ocrx_word' id='word_1_108' title='bbox 421 1437 459 1482; x_wconf 90' lang='lat' dir='ltr'>est</span> <span class='ocrx_word' id='word_1_109' title='bbox 469 1456 474 1482; x_wconf 93' lang='lat'>:</span> <span class='ocrx_word' id='word_1_110' title='bbox 490 1438 571 1482; x_wconf 88' lang='lat' dir='ltr'>custos</span> <span class='ocrx_word' id='word_1_111' title='bbox 581 1450 606 1481; x_wconf 87' lang='lat' dir='ltr'>es</span> <span class='ocrx_word' id='word_1_112' title='bbox 616 1434 729 1490; x_wconf 86' lang='lat' dir='ltr'>pauperis</span> <span class='ocrx_word' id='word_1_113' title='bbox 739 1433 812 1480; x_wconf 88' lang='lat' dir='ltr'>horti.</span> 
     </span>
     <span class='ocr_line' id='line_1_20' title="bbox 224 1502 875 1558; baseline -0.005 -8"><span class='ocrx_word' id='word_1_114' title='bbox 224 1519 289 1551; x_wconf 89' lang='lat' dir='ltr'>nunc</span> <span class='ocrx_word' id='word_1_115' title='bbox 298 1505 324 1551; x_wconf 88' lang='lat' dir='ltr'>te</span> <span class='ocrx_word' id='word_1_116' title='bbox 333 1518 495 1551; x_wconf 88' lang='lat' dir='ltr'>marmoreum</span> <span class='ocrx_word' id='word_1_117' title='bbox 506 1517 551 1558; x_wconf 90' lang='lat' dir='ltr'>pro</span> <span class='ocrx_word' id='word_1_118' title='bbox 559 1505 669 1558; x_wconf 91' lang='lat' dir='ltr'>temporo</span> <span class='ocrx_word' id='word_1_119' title='bbox 679 1502 795 1558; x_wconf 59' lang='lat' dir='ltr'>scalmum</span> <span class='ocrx_word' id='word_1_120' title='bbox 810 1503 837 1548; x_wconf 91' lang='lat' dir='ltr'>at</span> <span class='ocrx_word' id='word_1_121' title='bbox 847 1503 875 1548; x_wconf 92' lang='lat' dir='ltr'>tu</span> 
     </span>
     <span class='ocr_line' id='line_1_21' title="bbox 224 1570 780 1628; baseline -0.005 -9"><span class='ocrx_word' id='word_1_122' title='bbox 224 1571 245 1619; x_wconf 93' lang='lat' dir='ltr'>si</span> <span class='ocrx_word' id='word_1_123' title='bbox 254 1571 338 1620; x_wconf 82' lang='lat' dir='ltr'>fetura</span> <span class='ocrx_word' id='word_1_124' title='bbox 346 1587 445 1628; x_wconf 79' lang='lat' dir='ltr'>gregem</span> <span class='ocrx_word' id='word_1_125' title='bbox 455 1570 612 1627; x_wconf 85' lang='lat' dir='ltr'>suppleverit,</span> <span class='ocrx_word' id='word_1_126' title='bbox 623 1586 710 1617; x_wconf 88' lang='lat' dir='ltr'>aureus</span> <span class='ocrx_word' id='word_1_127' title='bbox 720 1572 780 1618; x_wconf 89' lang='lat' dir='ltr'>esto.</span> 
     </span>
     <span class='ocr_line' id='line_1_22' title="bbox 254 1637 898 1696; baseline -0.005 -9"><span class='ocrx_word' id='word_1_128' title='bbox 254 1640 281 1687; x_wconf 79' lang='lat'>0.</span> <span class='ocrx_word' id='word_1_129' title='bbox 310 1639 401 1687; x_wconf 88' lang='lat' dir='ltr'>Nerine</span> <span class='ocrx_word' id='word_1_130' title='bbox 409 1639 520 1696; x_wconf 83' lang='lat' dir='ltr'>Galatea,</span> <span class='ocrx_word' id='word_1_131' title='bbox 527 1639 613 1696; x_wconf 90' lang='lat' dir='ltr'>thymo</span> <span class='ocrx_word' id='word_1_132' title='bbox 622 1639 681 1685; x_wconf 90' lang='lat' dir='ltr'>mihi</span> <span class='ocrx_word' id='word_1_133' title='bbox 691 1639 785 1686; x_wconf 89' lang='lat' dir='ltr'>dulcior</span> <span class='ocrx_word' id='word_1_134' title='bbox 795 1637 898 1694; x_wconf 83' lang='lat' dir='ltr'>Hyblae,</span> 
     </span>
     <span class='ocr_line' id='line_1_23' title="bbox 225 1706 753 1765; baseline -0.008 -8"><span class='ocrx_word' id='word_1_135' title='bbox 225 1708 348 1757; x_wconf 83' lang='lat' dir='ltr'>candidior</span> <span class='ocrx_word' id='word_1_136' title='bbox 357 1707 446 1765; x_wconf 89' lang='lat' dir='ltr'>cycnis,</span> <span class='ocrx_word' id='word_1_137' title='bbox 455 1707 545 1755; x_wconf 89' lang='lat' dir='ltr'>hedera</span> <span class='ocrx_word' id='word_1_138' title='bbox 554 1707 680 1754; x_wconf 85' lang='lat' dir='ltr'>formosior</span> <span class='ocrx_word' id='word_1_139' title='bbox 690 1706 753 1763; x_wconf 85' lang='lat' dir='ltr'>elba,</span> 
     </span>
     <span class='ocr_line' id='line_1_24' title="bbox 226 1775 825 1833; baseline -0.005 -9"><span class='ocrx_word' id='word_1_140' title='bbox 226 1793 281 1825; x_wconf 91' lang='lat' dir='ltr'>cnm</span> <span class='ocrx_word' id='word_1_141' title='bbox 291 1776 397 1833; x_wconf 91' lang='lat' dir='ltr'>primum</span> <span class='ocrx_word' id='word_1_142' title='bbox 406 1776 471 1832; x_wconf 84' lang='lat' dir='ltr'>pasti</span> <span class='ocrx_word' id='word_1_143' title='bbox 481 1777 592 1832; x_wconf 87' lang='lat' dir='ltr'>repetent</span> <span class='ocrx_word' id='word_1_144' title='bbox 601 1775 742 1832; x_wconf 85' lang='lat' dir='ltr'>praesaepia</span> <span class='ocrx_word' id='word_1_145' title='bbox 751 1775 825 1831; x_wconf 88' lang='lat' dir='ltr'>tauri,</span> 
     </span>
     <span class='ocr_line' id='line_1_25' title="bbox 189 1844 789 1902; baseline 0 -12"><span class='ocrx_word' id='word_1_146' title='bbox 189 1865 214 1902; x_wconf 87' lang='lat'>40</span> <span class='ocrx_word' id='word_1_147' title='bbox 225 1846 245 1894; x_wconf 92' lang='lat' dir='ltr'>si</span> <span class='ocrx_word' id='word_1_148' title='bbox 255 1861 303 1901; x_wconf 89' lang='lat' dir='ltr'>qua</span> <span class='ocrx_word' id='word_1_149' title='bbox 311 1844 350 1892; x_wconf 87' lang='lat' dir='ltr'>tui</span> <span class='ocrx_word' id='word_1_150' title='bbox 360 1844 492 1901; x_wconf 81' lang='lat' dir='ltr'>Corydonis</span> <span class='ocrx_word' id='word_1_151' title='bbox 501 1844 576 1891; x_wconf 89' lang='lat' dir='ltr'>habet</span> <span class='ocrx_word' id='word_1_152' title='bbox 585 1845 611 1890; x_wconf 89' lang='lat' dir='ltr'>te</span> <span class='ocrx_word' id='word_1_153' title='bbox 621 1859 688 1900; x_wconf 88' lang='lat' dir='ltr'>cura,</span> <span class='ocrx_word' id='word_1_154' title='bbox 699 1844 789 1891; x_wconf 80' lang='lat' dir='ltr'>venito.</span> 
     </span>
     <span class='ocr_line' id='line_1_26' title="bbox 253 1911 900 1970; baseline -0.006 -10"><span class='ocrx_word' id='word_1_155' title='bbox 253 1914 281 1961; x_wconf 91' lang='grc' dir='ltr'>Τ.</span> <span class='ocrx_word' id='word_1_156' title='bbox 309 1913 389 1961; x_wconf 91' lang='lat' dir='ltr'>Immo</span> <span class='ocrx_word' id='word_1_157' title='bbox 410 1927 456 1970; x_wconf 87' lang='lat' dir='ltr'>ego</span> <span class='ocrx_word' id='word_1_158' title='bbox 479 1912 603 1960; x_wconf 86' lang='lat' dir='ltr'>Sardoniis</span> <span class='ocrx_word' id='word_1_159' title='bbox 621 1912 706 1959; x_wconf 83' lang='lat' dir='ltr'>videar</span> <span class='ocrx_word' id='word_1_160' title='bbox 729 1911 775 1958; x_wconf 87' lang='lat' dir='ltr'>tibi</span> <span class='ocrx_word' id='word_1_161' title='bbox 794 1911 900 1958; x_wconf 87' lang='lat' dir='ltr'>amarior</span> 
     </span>
     <span class='ocr_line' id='line_1_27' title="bbox 281 1981 371 2039; baseline 0.011 -11"><span class='ocrx_word' id='word_1_162' title='bbox 281 1981 371 2039; x_wconf 86' lang='lat' dir='ltr'>herbis,</span> 
     </span>
     <span class='ocr_line' id='line_1_28' title="bbox 224 2049 703 2107; baseline -0.002 -11"><span class='ocrx_word' id='word_1_163' title='bbox 224 2051 343 2098; x_wconf 86' lang='lat' dir='ltr'>horridior</span> <span class='ocrx_word' id='word_1_164' title='bbox 352 2065 433 2107; x_wconf 87' lang='lat' dir='ltr'>rusco,</span> <span class='ocrx_word' id='word_1_165' title='bbox 444 2049 551 2106; x_wconf 89' lang='lat' dir='ltr'>proiecta</span> <span class='ocrx_word' id='word_1_166' title='bbox 560 2049 630 2096; x_wconf 86' lang='lat' dir='ltr'>vilior</span> <span class='ocrx_word' id='word_1_167' title='bbox 640 2050 703 2106; x_wconf 86' lang='lat' dir='ltr'>alga,</span> 
     </span>
     <span class='ocr_line' id='line_1_29' title="bbox 225 2117 846 2174; baseline -0.005 -9"><span class='ocrx_word' id='word_1_168' title='bbox 225 2119 246 2165; x_wconf 82' lang='lat' dir='ltr'>ai</span> <span class='ocrx_word' id='word_1_169' title='bbox 255 2118 314 2165; x_wconf 92' lang='lat' dir='ltr'>mihi</span> <span class='ocrx_word' id='word_1_170' title='bbox 323 2133 371 2164; x_wconf 91' lang='lat' dir='ltr'>non</span> <span class='ocrx_word' id='word_1_171' title='bbox 380 2119 440 2165; x_wconf 89' lang='lat' dir='ltr'>haec</span> <span class='ocrx_word' id='word_1_172' title='bbox 449 2119 493 2165; x_wconf 86' lang='lat' dir='ltr'>lux</span> <span class='ocrx_word' id='word_1_173' title='bbox 502 2119 555 2164; x_wconf 87' lang='lat' dir='ltr'>toto</span> <span class='ocrx_word' id='word_1_174' title='bbox 564 2117 614 2164; x_wconf 89' lang='lat' dir='ltr'>iam</span> <span class='ocrx_word' id='word_1_175' title='bbox 624 2117 719 2174; x_wconf 77' lang='lat' dir='ltr'>longior</span> <span class='ocrx_word' id='word_1_176' title='bbox 728 2131 793 2164; x_wconf 87' lang='lat' dir='ltr'>anno</span> <span class='ocrx_word' id='word_1_177' title='bbox 801 2119 846 2163; x_wconf 86' lang='lat' dir='ltr'>est.</span> 
     </span>
     <span class='ocr_line' id='line_1_30' title="bbox 225 2185 798 2243; baseline -0.002 -10"><span class='ocrx_word' id='word_1_178' title='bbox 225 2187 263 2234; x_wconf 88' lang='lat' dir='ltr'>Its</span> <span class='ocrx_word' id='word_1_179' title='bbox 273 2187 370 2233; x_wconf 91' lang='lat' dir='ltr'>domum</span> <span class='ocrx_word' id='word_1_180' title='bbox 380 2186 452 2243; x_wconf 79' lang='lat' dir='ltr'>pasti,</span> <span class='ocrx_word' id='word_1_181' title='bbox 463 2186 484 2232; x_wconf 89' lang='lat' dir='ltr'>si</span> <span class='ocrx_word' id='word_1_182' title='bbox 493 2185 547 2241; x_wconf 85' lang='lat' dir='ltr'>quis</span> <span class='ocrx_word' id='word_1_183' title='bbox 557 2185 643 2242; x_wconf 91' lang='lat' dir='ltr'>pudor,</span> <span class='ocrx_word' id='word_1_184' title='bbox 653 2185 688 2232; x_wconf 90' lang='lat' dir='ltr'>ite</span> <span class='ocrx_word' id='word_1_185' title='bbox 697 2185 798 2232; x_wconf 79' lang='lat' dir='ltr'>iuvenci.</span> 
     </span>
     <span class='ocr_line' id='line_1_31' title="bbox 254 2252 834 2308; baseline -0.005 -6"><span class='ocrx_word' id='word_1_186' title='bbox 254 2255 281 2302; x_wconf 79' lang='lat'>0.</span> <span class='ocrx_word' id='word_1_187' title='bbox 311 2255 419 2302; x_wconf 88' lang='lat' dir='ltr'>Muscosi</span> <span class='ocrx_word' id='word_1_188' title='bbox 428 2255 509 2300; x_wconf 83' lang='lat' dir='ltr'>fontes</span> <span class='ocrx_word' id='word_1_189' title='bbox 518 2256 544 2301; x_wconf 92' lang='lat' dir='ltr'>et</span> <span class='ocrx_word' id='word_1_190' title='bbox 555 2268 639 2301; x_wconf 89' lang='lat' dir='ltr'>somno</span> <span class='ocrx_word' id='word_1_191' title='bbox 648 2253 742 2300; x_wconf 86' lang='lat' dir='ltr'>mollior</span> <span class='ocrx_word' id='word_1_192' title='bbox 751 2252 834 2308; x_wconf 85' lang='lat' dir='ltr'>herba,</span> 
     </span>
     <span class='ocr_line' id='line_1_32' title="bbox 225 2321 820 2378; baseline -0.005 -8"><span class='ocrx_word' id='word_1_193' title='bbox 225 2325 321 2378; x_wconf 83' lang='lat' dir='ltr'>atquae</span> <span class='ocrx_word' id='word_1_194' title='bbox 331 2338 372 2370; x_wconf 88' lang='lat' dir='ltr'>vos</span> <span class='ocrx_word' id='word_1_195' title='bbox 382 2338 440 2369; x_wconf 87' lang='lat' dir='ltr'>rara</span> <span class='ocrx_word' id='word_1_196' title='bbox 448 2321 531 2368; x_wconf 83' lang='lat' dir='ltr'>viridis</span> <span class='ocrx_word' id='word_1_197' title='bbox 541 2321 605 2377; x_wconf 85' lang='lat' dir='ltr'>tegit</span> <span class='ocrx_word' id='word_1_198' title='bbox 614 2322 716 2368; x_wconf 89' lang='lat' dir='ltr'>arbutus</span> <span class='ocrx_word' id='word_1_199' title='bbox 726 2321 820 2378; x_wconf 89' lang='lat' dir='ltr'>umbra,</span> 
     </span>
     <span class='ocr_line' id='line_1_33' title="bbox 225 2390 822 2448; baseline -0.003 -10"><span class='ocrx_word' id='word_1_200' title='bbox 225 2390 356 2438; x_wconf 84' lang='lat' dir='ltr'>solstitium</span> <span class='ocrx_word' id='word_1_201' title='bbox 366 2391 447 2448; x_wconf 90' lang='lat' dir='ltr'>pecori</span> <span class='ocrx_word' id='word_1_202' title='bbox 456 2390 592 2448; x_wconf 81' lang='lat' dir='ltr'>detendite3</span> <span class='ocrx_word' id='word_1_203' title='bbox 608 2392 656 2437; x_wconf 92' lang='lat' dir='ltr'>iam</span> <span class='ocrx_word' id='word_1_204' title='bbox 667 2391 734 2438; x_wconf 86' lang='lat' dir='ltr'>venit</span> <span class='ocrx_word' id='word_1_205' title='bbox 743 2391 822 2438; x_wconf 84' lang='lat' dir='ltr'>aestas</span> 
     </span>
    </p>
   </div>
   <div class='ocr_carea' id='block_1_3' title="bbox 226 2459 843 2576">
    <p class='ocr_par' dir='ltr' id='par_1_3' title="bbox 226 2459 843 2576">
     <span class='ocr_line' id='line_1_34' title="bbox 226 2459 843 2576; baseline -0.005 -69"><span class='ocrx_word' id='word_1_206' title='bbox 226 2460 331 2576; x_wconf 57' lang='lat' dir='ltr'>lorlidi’)</span> <span class='ocrx_word' id='word_1_207' title='bbox 338 2460 386 2506; x_wconf 89' lang='lat' dir='ltr'>iam</span> <span class='ocrx_word' id='word_1_208' title='bbox 396 2460 463 2507; x_wconf 91' lang='lat' dir='ltr'>lento</span> <span class='ocrx_word' id='word_1_209' title='bbox 472 2461 573 2516; x_wconf 84' lang='lat' dir='ltr'>turgent</span> <span class='ocrx_word' id='word_1_210' title='bbox 582 2459 608 2505; x_wconf 92' lang='lat' dir='ltr'>in</span> <span class='ocrx_word' id='word_1_211' title='bbox 618 2459 718 2515; x_wconf 87' lang='lat' dir='ltr'>palmite</span> <span class='ocrx_word' id='word_1_212' title='bbox 728 2473 843 2515; x_wconf 80' lang='lat' dir='ltr'>gemmae.</span> 
     </span>
    </p>
   </div>
   <div class='ocr_carea' id='block_1_4' title="bbox 0 0 997 3164">
    <p class='ocr_par' dir='ltr' id='par_1_4' title="bbox 0 0 997 3164">
     <span class='ocr_line' id='line_1_35' title="bbox 0 0 997 3164; baseline 0 0"><span class='ocrx_word' id='word_1_213' title='bbox 0 0 997 3164; x_wconf 95' lang='lat' dir='ltr'> </span> 
     </span>
    </p>
   </div>
  </div>
 </body>
</html>
