1972 3164
420 164 529 205 AENEIS.
554 165 585 203 Xl

167 259 230 316 quod
239 259 314 307 vitam
325 276 405 309 moror
413 261 517 309 invisam
526 261 638 309 Pallante
648 264 782 320 perempto,

167 328 267 376 dextere
277 344 350 376 eausa
359 332 405 376 tua
413 331 459 388 est,
470 331 580 377 Turnum
591 331 696 386 natoque
705 332 816 387 patrique

166 412 239 453 quam
248 396 334 444 debere
343 397 418 445 vides.
448 399 544 446 Meritis
554 400 626 446 vacat
635 398 675 446 hie
684 399 729 446 tibi
739 399 804 446 solus

121 473 156 512 180
166 465 326 522 fortunaeque
336 465 410 514 loeus.
440 468 497 515 Non
507 468 572 515 vitae
580 467 672 524 gaudia
681 483 771 524 quaero

167 535 221 590 (neo
231 534 287 591 fes),
298 535 339 582 sed
350 537 409 582 nato
419 535 505 582 Manes
516 536 623 592 perferre
632 536 677 582 sub
686 536 765 583 imos!

195 602 292 649 Aurora
301 602 395 650 interea
404 604 498 651 miseris
508 604 652 651 mortalibus
661 604 753 651 almam

166 670 288 718 extulerat
297 670 386 728 luoem,
396 672 505 719 referens
515 688 589 729 opera
598 676 670 730 atque
678 673 772 720 labores
781 692 787 719 ι

165 739 215 786 ium
225 741 296 795 pater
304 740 408 797 Aeneas,
418 741 465 787 iam
477 757 551 789 eurvo
559 742 666 789 inlitora
676 742 790 790 Tarchon

166 808 313 856 eonstituere
323 824 405 865 pyras.
435 810 492 857 Huo
502 825 603 867 corpora
612 811 711 866 quisque
721 824 822 857 suorum

166 892 232 924 more
242 877 319 924 tulere
330 879 437 936 patrum,
449 878 609 936 subiectisque
618 880 715 938 ignibus
725 879 786 927 atris

166 945 279 993 conditur
288 946 313 993 in
323 947 437 994 tenebras
447 948 525 994 altum
536 949 639 1005 ealigine
648 949 750 996 eaelum.

167 1015 216 1062 Ter
226 1015 316 1062 oiroum
326 1031 438 1063 aooeusos
448 1017 522 1064 oinoti
531 1017 682 1074 fulgentibus
692 1017 767 1064 armis

166 1082 293 1131 decurrere
302 1099 381 1141 rogos,
391 1086 431 1131 ter
441 1086 560 1132 maestum
570 1085 663 1132 funeris
671 1085 754 1143 ignem

122 1170 158 1209 ιφ
166 1150 301 1198 lustravere
311 1151 337 1199 iu
346 1152 413 1208 equis
423 1152 579 1208 ululatusque
588 1168 630 1200 ore
639 1153 741 1208 dedere;

167 1220 292 1277 spargitur
301 1222 326 1267 et
335 1221 408 1269 tellus
416 1220 530 1277 laorimis,
541 1223 691 1277 sparguntur
701 1223 727 1268 et
736 1235 821 1268 arma:

166 1288 188 1335 it
198 1289 263 1336 caelo
273 1289 409 1345 clamorque
418 1289 498 1335 virum
508 1289 652 1344 clangorque
662 1288 787 1336 tubarum.

168 1358 217 1406 Hie
226 1357 268 1404 alii
277 1358 355 1415 spolia
364 1358 447 1405 oooisis
456 1359 557 1414 derepta
566 1357 660 1405 Latinis

167 1427 299 1475 coniiciunt
309 1425 368 1483 igni,
379 1426 461 1483 galeas
472 1441 586 1482 ensesque
596 1425 694 1474 decoros

167 1496 284 1553 frenaque
294 1495 462 1552 ferventesque
471 1497 537 1542 rotas
546 1514 553 1552 ς
569 1510 625 1550 pars
635 1508 737 1541 munera
745 1495 812 1552 nota,

167 1565 275 1621 ipsorum
285 1565 373 1620 clipeos
382 1565 408 1611 et
418 1579 465 1610 non
477 1563 559 1611 felicia
566 1562 624 1611 tela.

168 1634 251 1681 Multa
260 1633 333 1681 boum
343 1633 408 1682 oiroa
417 1634 557 1680 mactantur
572 1647 673 1687 eorpora
683 1631 768 1689 Morti,

168 1702 331 1759 setigerosque
341 1717 396 1749 sues
405 1704 536 1758 raptasque
545 1716 575 1749 ex
584 1700 694 1748 omnibus
704 1701 769 1756 agris

168 1770 195 1817 in
205 1770 326 1817 flammam
336 1770 450 1827 iugulent
459 1770 570 1827 pecudes.
600 1769 663 1815 Tum
673 1768 743 1815 litore
752 1769 807 1815 toto

122 1860 160 1887 200
169 1839 282 1886 ardentes
292 1841 404 1895 spectant
413 1839 497 1895 sooios,
508 1838 669 1894 semiustaque
679 1837 778 1885 servant

169 1907 250 1964 busta,
260 1923 337 1963 neque
347 1908 419 1955 avelli
428 1909 539 1965 possunt,
550 1923 598 1954 uox
607 1906 690 1954 umida
699 1906 774 1954 donee

170 1977 271 2024 invertit
281 1977 373 2023 caelum
384 1976 460 2023 stellis
470 1976 611 2023 ardentibus
621 1976 716 2031 aptum.

199 2044 251 2091 Neo
260 2044 339 2090 minus
348 2047 373 2091 et
383 2043 464 2091 miseri
473 2044 569 2091 diversa
578 2043 604 2088 in
614 2043 684 2097 parte
695 2040 779 2086 Latini

169 2113 309 2160 innumerae
319 2115 429 2160 struxere
438 2127 519 2168 pyras,
530 2113 555 2157 et
565 2124 667 2164 corpora
676 2107 767 2164 partim

170 2181 249 2228 multa
259 2181 338 2227 virum
347 2182 427 2226 terrae
436 2178 568 2234 infodiunt,
579 2177 710 2231 avectaque
720 2175 811 2230 partim

170 2250 286 2296 finitimos
295 2248 386 2296 tollunt
395 2249 422 2295 in
431 2261 502 2303 agros
512 2245 613 2300 urbique
622 2242 761 2300 remittunt,

170 2321 252 2366 ootera
261 2317 421 2372 oonfusueque
430 2315 555 2371 ingentem
565 2312 645 2360 caedis
655 2327 770 2359 aoervum

171 2402 215 2434 neo
234 2401 336 2434 numero
355 2399 399 2432 neo
418 2384 508 2431 honore
524 2383 650 2429 cremant:
663 2382 724 2428 tuno
740 2379 845 2436 undique

226 2455 290 2501 vasti

218 2524 227 2571 (
237 2525 269 2573 ³⁸1
280 2523 288 2570 )
