1972 3164
304 173 414 215 anama
440 175 471 215 IV

52 265 180 324 pallentes,
191 267 251 314 alias
262 268 306 315 sub
316 269 422 317 Tartara
430 270 513 318 tristia
521 270 608 328 mittit,

52 335 98 382 dat
107 351 202 383 somnos
212 337 351 395 adimitque,
360 342 385 387 et
394 339 487 387 lumina
496 341 575 387 morte
586 339 703 396 resignat.

52 405 102 451 Illa
111 404 190 452 fretus
199 407 251 463 agit
260 410 353 464 ventos,
364 410 389 454 et
398 409 498 456 turbida
506 410 592 455 manat

52 474 146 523 nubila.
175 476 274 532 Iamque
295 477 378 524 volans
398 477 491 533 apicem
514 480 538 524 et
557 477 638 525 latera
657 477 735 524 ardua

112 544 191 592 cernit

54 611 165 658 Atlantis
175 613 237 669 duri,
249 613 341 660 caelum
352 614 392 669 qni
402 615 492 662 vertice
501 615 583 672 fulcit,

54 679 173 737 Atlantis,
185 681 291 728 cinctum
301 682 394 730 assidue
405 684 443 730 cui
452 684 556 731 nubibus
567 683 627 730 atr-‘a

55 748 187 806 piniferum
197 751 271 805 caput
281 753 306 797 et
316 752 389 798 vento
398 752 511 806 pulsatur
521 753 546 799 et
556 750 637 807 imbri,

10 831 47 871 250
56 817 100 865 nix
108 832 203 864 umeros
212 817 295 864 infusa
303 818 373 874 tegit,
383 820 437 865 tum
447 818 547 866 flumina
556 821 639 865 mento

56 886 219 942 praecipitant
229 886 301 942 senis,
312 888 338 933 et
347 887 423 943 glacie
432 889 496 944 riget
505 888 603 935 horrida
612 886 696 934 barba.

57 955 107 1003 Hic
116 955 221 1010 primum
231 954 331 1010 paribus
340 955 420 1002 nitens
430 956 553 1012 cyllenius
563 956 607 1002 alis

57 1023 181 1079 constitit3
195 1022 251 1070 hino
260 1024 313 1070 toto
323 1039 436 1079 praeceps
446 1039 471 1071 se
481 1039 579 1080 corpore
589 1025 621 1070 ad
630 1023 708 1070 undas

57 1091 133 1147 misit,
143 1090 184 1137 avi
193 1090 285 1147 similis,
296 1106 358 1146 quae
368 1092 458 1139 circum
468 1091 548 1149 litora,
561 1092 653 1139 circum

58 1160 163 1216 piscosos
173 1159 281 1214 scopulos
291 1158 389 1206 humilis
398 1160 465 1207 volat
474 1176 579 1215 aequora
588 1161 667 1206 iuxta.

58 1227 135 1275 Haud
145 1226 216 1274 alitor
225 1228 304 1273 terras
313 1227 378 1274 inter
387 1229 526 1284 caelumque
535 1227 633 1274 volabat

58 1295 119 1342 litua
129 1294 273 1341 harenosum
283 1294 375 1351 Libyae
384 1298 516 1350 ventosque
526 1296 624 1343 secabat
679 1339 690 1360 ‚

59 1364 172 1410 materno
181 1363 279 1410 veniens
290 1363 321 1409 ab
331 1378 377 1410 avo
387 1364 498 1420 Cyllenia
507 1363 594 1419 proles.

60 1431 98 1478 Ut
108 1430 213 1487 primum
223 1430 295 1476 alatis
304 1431 388 1488 tetigit
397 1431 503 1488 magalia
512 1431 610 1487 plantis,

10 1510 51 1552 260
60 1499 164 1547 Aenean
173 1498 318 1545 fundantem
327 1514 394 1546 arces
404 1515 433 1547 ac
442 1501 509 1546 tecta
517 1500 648 1545 novantem

61 1567 188 1622 conspicit.
216 1568 297 1622 Atque
307 1567 343 1614 illi
353 1568 464 1614 stellatus
473 1567 565 1622 iaspide
575 1566 645 1613 fulva

60 1635 127 1683 ensis
137 1637 199 1692 erat,
210 1635 329 1692 Tyrioque
339 1636 441 1683 ardebat
450 1636 540 1683 murice
550 1635 622 1682 laena

61 1703 169 1751 demissa
178 1719 208 1750 ex
217 1704 316 1760 umeris,
327 1704 393 1751 dives
403 1719 464 1760 quae
474 1719 576 1751 munera
585 1703 650 1750 Dido

61 1773 157 1820 lecerat
167 1774 192 1819 et
201 1772 271 1819 tenui
280 1772 342 1819 telas
352 1772 499 1820 discreverat
508 1787 576 1820 auro.

63 1840 187 1888 Continuo
195 1840 289 1887 invadit
300 1861 305 1887 ι
321 1840 373 1886 ‘aa
382 1856 447 1888 nuno
457 1840 611 1897 Carthaginis
621 1839 686 1886 altae

62 1909 228 1958 fundamenta
236 1909 309 1965 locas,
320 1908 492 1965 pulchramque
501 1909 600 1956 uxorius
609 1908 695 1955 urben

64 1977 180 2034 exstruis,
191 1977 239 2024 heu
248 1976 318 2032 regni
327 1992 454 2032 rerumque
464 1977 537 2024 oblite
547 1978 664 2024 tuarum?

66 2047 123 2103 Ipse
133 2046 203 2092 deum
213 2045 259 2092 tibi
268 2059 306 2092 me
315 2045 380 2092 claro
390 2045 497 2092 demittit
507 2045 610 2101 Olympo

66 2106 191 2171 regnator,
202 2113 295 2160 caelum
306 2128 335 2160 ac
344 2115 423 2160 terras
433 2113 474 2169 qui
483 2112 581 2159 numine
591 2111 697 2166 torquet,

17 2205 59 2244 270
68 2182 120 2238 ipae
127 2182 187 2229 haec
196 2181 261 2229 ferre
269 2181 336 2229 iubet
346 2182 433 2230 celeres
443 2182 559 2229 mandata
568 2194 612 2235 per
621 2192 693 2224 auras
702 2197 707 2223 :

69 2250 128 2307 qnid
138 2250 230 2296 struis?
242 2251 286 2296 aut
296 2265 344 2306 qua
353 2265 395 2306 spe
405 2249 500 2305 Libycis
510 2247 569 2296 teris
579 2246 629 2293 otia
637 2244 728 2291 terris?

70 2319 98 2368 si
106 2319 133 2365 te
141 2317 210 2365 nulla
218 2320 299 2366 movet
306 2320 433 2365 tantarum
442 2316 520 2374 gloria
528 2329 618 2371 rerum,

72 2385 130 2447 [uec
140 2401 213 2442 super
221 2385 273 2443 ipse
282 2387 327 2433 tua
335 2385 426 2433 moliris
435 2385 507 2432 laude
517 2378 644 2440 laborem]

297 2480 334 2516 Μ.
355 2479 394 2515 al.
403 2476 525 2519 ‘adhibya'

122 2532 194 2582 (19⁵)
386 2542 420 2570 <³2
